4788 5725
2095 175 2525 240 ..10-

441 405 724 470 remque
754 382 978 469 ipsam
1020 380 1122 446 ita
1166 379 1430 464 tulisse,
1477 386 1556 444 ut
1601 400 1868 444 summo
1916 401 2072 444 cum
2116 378 2372 466 gaudio
2418 379 2599 446 hanc
2640 377 2831 444 vitae
2874 384 3144 467 partem
3188 377 3700 446 accuratissime
3747 380 4174 468 depingeret.

441 495 492 562 J
493 493 924 582 unghansius
957 512 1253 576 causam,
1300 513 1422 556 cur
1451 491 1732 557 Tacitus
1761 489 1970 555 nimis
2013 489 2297 556 laudare
2327 489 2651 556 videatur
2694 489 3063 577 Agricolae
3107 487 3436 575 facinora,
3484 513 3571 556 ex
3614 491 3969 558 annalium
4010 493 4178 558 libri

441 606 634 672 tertii
689 605 912 692 capite
975 603 1182 668 LXV
1225 601 1548 688 cognosci
1592 623 1795 688 posse
1839 600 2350 687 animadvertit,
2369 604 2415 684 ¹)
2474 601 2599 668 ubi
2638 601 2973 690 scriptum
3016 600 3343 686 legimus:
3408 602 3868 690 Praecipuum
3922 627 4175 670 munus

447 719 799 785 annalium
843 737 1016 801 reor,
1062 738 1151 781 ne
1195 714 1492 780 virtutes
1537 713 1926 779 sileanturf‘
2020 713 2262 798 Neque
2307 719 2536 779 cetera
2578 712 2766 779 viros
2810 713 2967 780 illos
3012 712 3251 778 doctos
3297 711 3539 780 Tacito
3576 720 3763 779 recte
3806 716 4177 802 exprobra-

443 830 629 897 visse
671 828 1018 896 Hirzelius
1063 824 1390 893 ostendit.
1471 824 1570 891 Ut
1613 823 1748 890 alia
1790 830 2156 918 transeam,
2204 824 2431 890 dicam
2476 826 2563 891 de
2609 825 3001 914 opprobriO,
3053 848 3185 911 quo
3230 825 3697 892 Hoffmannus
3740 825 3817 892 in
3860 827 4177 894 Tacitum

443 943 764 1007 invectus
790 947 913 1023 est,
963 939 1148 1024 quod
1171 944 1454 1004 excuset
1475 935 1844 1022 Agricolae
1878 936 2182 1021 quietem
2226 942 2435 1021 atque
2478 936 2833 1002 silentium
2876 943 3191 1024 tempora
3236 943 3579 1022 causatus,
3627 937 3880 1023 quibus
3924 939 4178 1006 inertia

449 1053 541 1120 sit
605 1075 730 1140 pro
779 1050 1140 1140 sapientia.
1228 1051 1307 1136 Ii,
1355 1051 1475 1137 qui
1521 1060 1891 1137 quaestura
1935 1062 2006 1118 et
2047 1059 2389 1140 praetura,
2439 1049 2693 1135 quibus
2736 1049 2814 1114 in
2856 1049 3178 1135 gerendis
3219 1048 3549 1136 Agricola.
3589 1050 3859 1116 nullum
3904 1051 4176 1118 facinus

449 1164 899 1251 conspicuum
945 1163 1273 1247 ediderat,
1322 1162 1814 1250 fungebantur,
1859 1163 2038 1228 nihil
2083 1163 2272 1230 aliud
2314 1163 2453 1230 nisi
2498 1163 2766 1228 aditum
2822 1163 2912 1228 ad
2954 1161 3220 1249 majora
3264 1164 3711 1248 quaerebant,
3757 1185 3980 1249 neque
4026 1171 4179 1230 tan-

447 1282 595 1343 tam
630 1276 1177 1364 'magistratibus
1236 1275 1622 1342 minoribus
1684 1274 2098 1362 dignitatem
2143 1273 2356 1340 fuisse
2403 1275 2532 1340 sub
2577 1274 2993 1363 principatu,
3044 1279 3305 1360 quanta
3348 1297 3421 1340 re
3466 1275 3743 1363 publica
3773 1275 4003 1362 ‘libera
4045 1275 4178 1344 Ur-

452 1389 728 1455 lichsius
771 1394 956 1454 recte
1001 1394 1303 1453 statuere
1320 1387 1368 1470 ²)
1415 1387 1713 1455 videtur.
1779 1387 2088 1454 Similem
2130 1387 2207 1452 in
2247 1387 2529 1452 modum
2550 1387 2843 1472 Plinius,
2890 1387 3117 1454 Taciti
3160 1386 3485 1472 aequalia,
3530 1387 3608 1452 in
3651 1389 4177 1474 magistratibus

451 1502 590 1567 illis
635 1499 956 1586 gerendis
1001 1522 1075 1565 se
1117 1500 1360 1586 gessit3
1414 1522 1576 1566 nam
1635 1499 1866 1588 ipsum
1919 1521 2192 1584 quoque
2235 1498 2411 1563 nihil
2454 1498 2901 1565 memorabile
2946 1505 3343 1564 exsecutum
3390 1521 3557 1584 esse,
3603 1499 4101 1566 Mommsenius
4128 1501 4177 1585 ⁸)

455 1620 696 1679 auctor
751 1619 875 1678 est.
966 1611 1306 1676 Omnibus
1361 1610 1660 1696 denique
1725 1611 1913 1695 locis,
1983 1609 2236 1696 quibus
2289 1609 2567 1676 Tacitus
2628 1611 2859 1677 studio
2918 1610 3155 1677 nescio
3211 1633 3346 1697 quo
3390 1633 3671 1678 narrare
3714 1612 3996 1678 videtur
4038 1613 4179 1678 illis

455 1725 644 1809 viriS,
687 1723 865 1790 bene
910 1745 982 1788 se
1021 1723 1280 1789 habere
1327 1723 1862 1811 descriptionem
1903 1729 2090 1788 recte
2133 1721 2539 1810 plerumque
2581 1744 2735 1787 mea
2780 1722 3057 1807 quidem
3104 1723 3431 1811 opinione
3474 1722 3821 1788 Hirzelius
3863 1723 4182 1810 pervicit.

457 1836 880 1922 Obsequium
905 1857 1070 1901 sane
1094 1841 1163 1900 et
1200 1834 1610 1900 modestiam
1656 1839 1868 1900 soceri
1911 1833 2173 1918 ubique
2213 1833 2486 1920 magnis
2528 1832 2855 1899 laudibus
2901 1833 3131 1898 efferri
3173 1834 3517 1920 largieris;
3563 1834 3697 1900 hoc
3739 1835 3923 1900 enim
3955 1833 4179 1902 Taciti

451 1948 762 2014 moribus
825 1946 1220 2034 respondet,
1289 1945 1409 2032 qui
1475 1947 1684 2012 etiam
1737 1946 1812 2012 in
1855 1944 2228 2012 maioribus
2274 1945 2601 2032 operibus
2644 1945 2732 2011 iis
2778 1945 3077 2011 maxime
3127 1943 3321 2011 favet
3366 1947 3557 2031 viria,
3604 1947 3725 2031 qui
3768 1969 3911 2012 non
3932 1946 4179 2012 'famae

451 2059 660 2124 nimis
687 2065 1090 2146 appetentes
1113 2057 1416 2123 fuerunt.
1488 2059 1679 2136 Quae
1703 2058 1790 2123 de
1833 2057 2098 2123 ultimis
2143 2056 2329 2122 vitae
2376 2056 2577 2122 annis
2624 2056 2905 2122 Tacitus
2948 2056 3169 2122 tradit
3214 2064 3285 2123 et
3328 2057 3415 2123 de
3459 2058 3735 2142 ingenio
3782 2058 4182 2144 Domitiani,

456 2193 610 2236 cum
637 2171 920 2236 alterius
945 2169 1302 2258 scriptoris
1327 2170 1728 2236 testimonia
1773 2169 2021 2253 desint,
2071 2192 2112 2235 a
2155 2168 2495 2256 scriptore
2539 2175 2779 2233 nostro
2828 2169 2916 2235 de
2958 2168 3307 2235 industria
3348 2169 3513 2236 ficta
3554 2191 3704 2235 esse
3748 2170 4183 2257 comprobari

453 2283 729 2368 nequit;
793 2281 878 2350 de
943 2282 1336 2348 rumoribus
1403 2281 1524 2366 qui
1590 2281 2269 2364 circumferebantur,
2336 2285 2407 2346 et
2473 2281 2558 2345 de
2627 2302 2826 2346 servo
2896 2281 2983 2346 ad
3028 2280 3425 2366 Agricolam
3466 2281 3677 2347 misso
3724 2289 3795 2347 et
3838 2281 3925 2347 de
3970 2281 4185 2348 soceri

455 2394 665 2479 exitu,
715 2393 848 2460 etsi
892 2393 1246 2460 dubitavit
1291 2399 1548 2477 auctor,
1594 2399 1828 2459 tamen
1873 2393 2082 2459 talem
2127 2392 2328 2457 duxit
2375 2391 2852 2458 Domitianum
2898 2392 3268 2478 hominem,
3326 2394 3448 2479 qui
3489 2394 3660 2460 talia
3704 2395 4183 2461 committeret.

454 2507 636 2572 Nam
678 2506 1160 2594 imperatorem
1207 2527 1552 2570 venenum
1596 2505 1824 2572 dando
1871 2526 2011 2570 non
2057 2503 2477 2570 abstinuisse
2520 2504 2655 2570 Dio
2703 2505 2979 2570 Cassius
3016 2504 3247 2572 refert.
3261 2506 3311 2588 ⁴)
3401 2506 3635 2592 Atque
3678 2507 3987 2574 virorum
4030 2508 4190 2574 doc-

455 2625 685 2684 torum
746 2623 1247 2704 argumentum,
1309 2616 1495 2701 quod
1554 2639 1638 2681 ex
1697 2617 2043 2704 capitibus
2095 2616 2203 2681 111
2256 2623 2326 2682 et
2369 2617 2611 2681 XLIV
2654 2617 3015 2702 extricant,
3064 2617 3379 2683 Tacitum
3424 2615 3707 2701 Trajani
3749 2618 4187 2705 imperatoris

457 2729 762 2794 animum
805 2751 1224 2817 propensum
1269 2727 1556 2793 reddere
1601 2727 1738 2794 sibi
1783 2728 2088 2794 voluisse
2129 2727 2308 2794 libro
2355 2729 2759 2816 composit0,
2806 2752 3065 2796 vanum
3110 2751 3259 2795 esse
3306 2735 3515 2814 atque
3558 2726 3789 2794 futtile
3832 2727 4035 2794 facile
4080 2737 4189 2794 est

457 2842 546 2909 ad
589 2839 1134 2927 intelligendum.
1222 2839 1402 2906 Nam
1464 2861 1620 2906 cum
1679 2839 1864 2905 hunc
1915 2839 2229 2905 libellum
2271 2840 2511 2928 paucis
2557 2841 2915 2908 mensibus
2960 2847 3137 2930 post,
3184 2864 3393 2926 quam
3436 2838 3776 2927 Trajanus
3818 2839 4187 2929 imperium

455 2976 692 3041 gerere
757 2952 1006 3041 coepit,
1075 2952 1544 3041 conscriptum
1606 2976 1755 3019 esse
1818 2952 2004 3017 inter
2066 2952 2402 3039 plurimos
2464 2953 2773 3021 virorum
2822 2954 3179 3020 doctorum
3225 2956 3639 3038 convenerit,
3684 2953 3835 3019 fieri
3878 2954 4189 3042 potuisse

459 3066 613 3152 quis
659 3064 1029 3153 putaverit,
1077 3070 1158 3129 ut
1193 3063 1340 3149 jam
1383 3071 1534 3129 tum
1567 3064 1846 3130 Tacitus
1891 3063 2284 3149 neglectum
2329 3087 2405 3129 se
2451 3086 2599 3129 esse
2644 3066 3086 3151 opinaretur?
3158 3064 3468 3148 Accedit,
3518 3064 3705 3151 quod
3750 3064 4089 3151 Trajanus
4120 3073 4191 3131 et

458 3176 823 3262 Agricolae
881 3183 954 3241 et
997 3173 1220 3241 Taciti
1283 3175 1616 3241 virtutem
1676 3183 2000 3263 expertus
2047 3182 2214 3260 erat,
2277 3197 2435 3239 cum
2490 3182 2561 3241 et
2604 3176 2755 3265 ipse
2799 3200 2840 3242 a
2882 3176 3286 3243 Domitiano
3332 3177 3617 3243 summis
3662 3176 4040 3243 honoribus
4086 3201 4191 3242 or-

455 3295 664 3355 natus
709 3288 949 3353 eadem
993 3288 1278 3353 fortuna
1319 3310 1484 3353 usus
1532 3288 1643 3371 sit,
1692 3310 1828 3373 qua
1870 3288 1993 3355 illi.
2082 3286 2284 3365 Quod
2329 3287 2797 3354 Hoffmannus
2844 3311 2985 3375 spe,
3034 3310 3241 3373 quam
3286 3289 3373 3353 de
3418 3286 3789 3355 Germania
3832 3288 4195 3375 provincia

461 3399 907 3487 concepisset,
965 3398 1280 3465 Tacitum
1334 3399 1712 3466 frustatum
1771 3422 1920 3465 esse
1966 3399 2280 3486 conjecit,
2343 3422 2621 3466 causam
2666 3401 2729 3467 ei
2771 3424 2917 3467 non
2960 3400 3196 3484 fuisse,
3245 3422 3366 3466 cur
3410 3421 3642 3466 curam
3688 3399 3991 3485 aliquam
4036 3422 4195 3465 con-

461 3512 760 3577 sularem
827 3511 962 3577 sibi
1033 3511 1408 3597 Trajanum
1473 3512 1962 3577 mandaturum
2029 3534 2178 3577 6336
2243 3520 2573 3599 speraret,
2621 3512 3011 3579 Urlichsius
3057 3512 3235 3577 bene
3276 3518 3531 3578 monet.
3545 3510 3594 3594 ⁶)
3683 3511 3865 3577 Nam
3912 3511 4194 3578 Tacitus

463 3645 675 3707 quum
707 3630 910 3689 antea
933 3644 1020 3688 ne
1065 3622 1188 3688 uni
1218 3622 1500 3709 quidem
1521 3622 1780 3709 legioni
1822 3622 2236 3711 praefuisset
2279 3622 2514 3707 itaque
2556 3624 2820 3691 nullam
2863 3624 2964 3689 rei
3006 3622 3329 3689 militaris
3373 3623 3696 3711 peritiam
3738 3630 4026 3709 teneret,
4072 3646 4199 3689 un-

467 3734 552 3799 de
614 3757 808 3822 spem
867 3758 1134 3801 sumere
1183 3735 1434 3823 potuit,
1489 3736 1976 3823 imperatorem
2045 3733 2368 3801 militiam
2418 3742 2783 3823 expertum
2834 3735 3255 3822 legationem
3299 3736 3725 3801 consularem
3768 3758 4199 3822 magnosque

463 3846 804 3911 exercitus
853 3845 982 3911 sibi
1029 3845 1448 3912 traditurum
1491 3869 1642 3911 esse
1655 3846 1687 3911 *Ρ
1785 3845 2166 3913 Urlichsius
2199 3847 2846 3914 commentationem
2888 3846 3245 3913 laudatam
3290 3870 3369 3913 eo
3420 3847 3709 3915 consilio
3754 3847 4071 3933 confecit,
4120 3854 4201 3913 ut

459 3956 759 4041 doceret,
805 3958 1284 4024 Domitianum
1313 3980 1457 4024 non
1487 3980 1756 4046 semper
1784 3957 2152 4045 Agricolae
2197 3978 2451 4044 genero
2496 3956 2773 4042 favisse,
2820 3956 2943 4024 sed
2988 3979 3223 4024 socero
3268 3964 3541 4025 mortuo
3589 3980 3747 4024 eum
3788 3958 4197 4044 neglexisse.

462 4068 670 4147 Quod
699 4070 1135 4157 propositum
1165 4092 1320 4134 cum
1351 4070 1462 4135 vir
1507 4068 1949 4136 doctissimus
1993 4070 2214 4135 vitam
2256 4068 2691 4155 honoresque
2738 4068 2964 4135 Taciti
3007 4092 3093 4136 ex
3138 4068 3381 4137 ordine
3426 4072 3779 4159 explicans
3824 4068 4195 4155 perfecisse

461 4178 803 4265 videatur,
849 4202 1080 4247 eorum
1109 4180 1473 4266 sententia,
1521 4180 1642 4266 qui
1664 4181 1843 4247 male
1888 4181 2165 4247 audisse
2209 4181 2528 4247 Tacitum
2574 4181 2713 4248 sibi
2752 4190 3264 4269 persuaserunt,
3314 4182 3501 4267 quod
3542 4180 3751 4246 nimis
3798 4178 4199 4246 Domitiano

463 4298 787 4377 acceptus
811 4298 1191 4378 gratusque
1224 4290 1490 4377 fuisset,
1535 4292 1932 4359 firmissimo
1974 4294 2296 4381 privatur
2341 4302 2770 4381 argumento.
2840 4294 3023 4360 Nam
3046 4294 3307 4360 Domiti
3316 4315 3487 4359 anus
3533 4291 3903 4379 Agricolae
3946 4314 4201 4379 genero

453 4424 548 4467 ex
611 4403 973 4490 provincia
1037 4426 1312 4471 reverso
1377 4427 1627 4469 munus
1693 4405 2118 4493 praetorium
2183 4427 2328 4472 non
2392 4405 2664 4489 tribuit,
2720 4428 2935 4491 quum
2977 4406 3216 4471 Nerva
3258 4403 3532 4490 integro
3580 4426 3762 4470 anno
3803 4403 4203 4471 intermisso

460 4514 898 4580 consulatum
943 4514 1030 4583 ad
1077 4538 1234 4581 eum
1277 4516 1624 4582 detulerit.
1671 4552 1754 4563 —
1800 4518 2044 4602 Neque
2089 4516 2465 4603 Trajanum
2506 4516 2828 4602 iniquum
2873 4515 3113 4583 Tacito
3158 4515 3466 4581 animum
3509 4516 3837 4602 gessisse,
3874 4539 3962 4582 ex
4006 4539 4088 4583 ea
4131 4538 4207 4583 re

456 4626 922 4712 cognoscitur,
978 4628 1166 4712 quod
1221 4650 1378 4694 eum
1429 4629 1506 4693 in
1564 4640 1773 4695 causa
1815 4628 2023 4695 Marii
2064 4628 2289 4695 Prisci
2331 4634 2647 4696 orantem
2690 4627 3016 4695 laudibus
3062 4626 3460 4696 cumulavit.
3550 4628 3756 4706 Quod
3800 4635 4030 4695 autem
4074 4628 4207 4695 Ur-

777 4830 822 4970 :3
858 4830 1166 4957 {anil-Zgr.
1202 4834 1660 4905 Luneburgensi
1696 4834 1847 4889 1872.

771 4974 820 5075 ἰ)
857 4968 932 5051 111
968 4970 1229 5026 Hermae
1265 4976 1427 5027 tomo
1463 4970 1576 5043 111,
1611 4972 1697 5027 88.

776 5044 822 5176 ‘3
855 5038 1085 5164 ldgin‘ixi’.
1117 5041 1195 5165 1116
1230 5108 1361 5165 vita
1397 5106 1597 5165 Taciti
1633 5126 1730 5181 pg.
1769 5109 1850 5165 18.
