4788 5725
2332 203 2723 270 ...9-

647 407 962 494 tradidit,
1007 413 1128 474 aut
1156 427 1339 474 vana
1365 404 1650 472 finxisse
1681 411 1806 471 aut
1833 405 2148 472 consulto
2181 405 2282 472 sic
2323 431 2660 494 narrasse,
2705 414 2787 474 ut
2828 408 3139 494 legentes
3184 405 3437 474 falsum
3482 409 3569 476 de
3613 411 4012 478 Domitiano
4052 411 4393 498 judicium

651 520 1109 610 conciperent.
1199 520 1494 586 Omnem
1513 517 1734 603 igitur
1761 516 1972 584 fidem
2001 519 2090 584 ab
2136 527 2416 588 auctore
2462 543 2609 586 esse
2654 517 3211 606 abjudicandam.
3298 521 3503 586 Hanc
3544 521 3811 588 Stahrii
3854 523 4275 590 sententiam
4306 523 4393 590 de

651 632 876 700 Taciti
915 630 1352 718 malignitate
1394 629 1724 719 probavit
1739 629 1788 718 ’)
1827 630 2294 717 Delboeufius,
2340 633 2464 719 qui
2505 633 2725 699 vitam
2782 630 2999 698 soceri
3042 653 3083 696 a
3127 631 3369 699 Tacito
3414 632 3743 700 traditam
3790 656 3941 700 esse
3988 635 4387 722 arbitratur,

647 751 730 812 ut
770 745 1128 833 politicam
1173 764 1386 826 suam,
1433 748 1515 807 ut
1554 743 1656 810 ita
1698 743 1944 829 dicam,
1989 743 2201 810 fidem
2243 745 2685 833 profiteretur
2729 749 2799 809 et
2840 742 3181 808 rationem
3225 741 3645 810 defenderet.

965 855 1157 932 Quae
1223 876 1264 920 a
1327 852 1554 920 tribus
1621 853 1732 920 1116
1797 854 1991 942 viris,
2059 877 2354 942 quorum
2422 855 2801 924 sententias
2844 853 3154 943 exposui,
3202 855 3413 922 allata
3454 863 3637 940 sunt,
3686 879 3769 922 ea
3812 858 4009 943 quasi
4054 857 4129 926 in
4171 881 4389 926 unum

650 973 982 1054 congesta
1011 973 1348 1054 apparent
1367 965 1446 1032 in
1469 966 1520 1034 J
1522 965 1752 1054 asgeri
1776 967 2286 1054 dissertatione,
2299 971 2348 1051 ²')
2396 990 2535 1052 qua
2577 966 2665 1034 de
2706 966 2865 1052 fide,
2911 988 3087 1050 quae
3132 965 3371 1032 Tacito
3416 966 3493 1032 in
3537 966 3867 1053 Agricola
3908 968 4231 1036 habenda
4272 970 4384 1056 sit,

653 1078 874 1165 deque
926 1077 1212 1146 consilio
1267 1078 1516 1164 agitur,
1563 1100 1701 1164 quo
1743 1079 1923 1147 liber
1963 1079 2082 1144 1116
2123 1080 2559 1167 conscriptus
2604 1077 2927 1144 videatur
2970 1100 3140 1144 6666.
3232 1078 3369 1157 Qui
3413 1101 3627 1164 quum
3670 1077 3848 1144 nihil
3890 1080 4057 1147 novi
4102 1081 4192 1148 ad
4236 1105 4388 1149 sen-

649 1190 940 1258 tentiam
970 1188 1550 1258 corroborandam
1578 1191 1966 1279 protulerit,
2015 1191 2184 1257 satis
2213 1191 2508 1276 habeb0,
2552 1189 2771 1256 totius
2796 1189 3305 1256 dissertationis
3350 1212 3688 1257 summam
3730 1191 4085 1278 repetisse.
4174 1192 4387 1260 Hisce

647 1301 882 1370 verbis
949 1324 1049 1386 ea,
1117 1323 1292 1387 quae
1357 1300 1675 1389 exposita
1741 1308 1922 1387 sunt,
1991 1301 2501 1392 complectitur:
2574 1301 2895 1386 „Tacitus
2962 1301 3201 1368 statim
3268 1308 3431 1390 post
3472 1302 3909 1370 consulatum
3952 1313 4271 1372 exactum
4314 1315 4385 1374 et

646 1415 952 1482 Nervam
996 1421 1346 1482 mortuum
1391 1434 1472 1480 eo
1517 1414 1804 1480 consilio
1849 1413 2250 1500 Agricolam
2293 1413 2701 1503 composuit,
2747 1414 3049 1502 primum
3095 1413 3393 1499 quidem,
3439 1421 3519 1479 ut
3563 1413 3931 1500 Agricolae
3974 1414 4383 1484 modestiam

646 1533 858 1613 atque
913 1525 1320 1612 obsequium
1377 1525 1728 1593 laudando
1772 1526 2133 1612 rationem,
2197 1549 2334 1612 qua
2373 1527 2491 1594 1116
2532 1527 2609 1592 111
2652 1525 2801 1592 vita
2842 1525 3125 1613 publica
3168 1524 3486 1612 degenda
3528 1547 3695 1591 usus
3743 1533 3911 1610 erat,
3958 1525 4379 1622 defenderet,

647 1637 898 1706 deinde
955 1661 1140 1723 vero,
1196 1637 1266 1704 id
1317 1637 1506 1724 quod
1557 1637 1938 1704 maximum
1997 1645 2120 1723 est,
2187 1646 2268 1704 ut
2320 1662 2394 1705 se
2438 1639 2668 1726 ipsum
2714 1636 2801 1703 de
2844 1637 2963 1702 via
3006 1643 3079 1703 et
3121 1637 3410 1722 ratione,
3457 1658 3667 1723 quam
3710 1636 3787 1702 in
3828 1637 4038 1704 rebus
4079 1638 4379 1726 publicis

645 1757 920 1818 secutus
979 1757 1148 1835 erat,
1205 1756 1568 1816 excusaret
1611 1771 1999 1834 eorumque,
2049 1751 2172 1835 qui
2210 1751 2288 1816 in
2333 1748 2619 1816 civitate
2662 1757 2815 1816 tum
2856 1748 3276 1814 validissimi
3318 1756 3535 1833 erant,
3582 1747 3881 1835 gratiam
3922 1748 4061 1816 sibi
4106 1751 4383 1818 concili-

641 1867 847 1930 aret.“
928 1861 1230 1928 Consilio
1262 1861 1492 1947 aliquo
1522 1859 1806 1950 politico
1835 1861 2144 1928 libellum
2189 1860 2659 1950 conscriptum
2702 1883 2851 1927 esse
2894 1860 3105 1926 etiam
3151 1859 3546 1946 Schillerus‚
3593 1859 3715 1946 qui
3758 1859 3845 1926 de
3883 1860 4381 1949 imperatorum

643 1974 1118 2040 Romanorum
1159 1971 1448 2060 imperio
1491 1973 1750 2039 librum
1795 1973 2201 2061 composuit,
2247 1973 2386 2040 sibi
2428 1971 2793 2061 persuasit.
2879 1972 3275 2040 Asbachius
3321 1973 3639 2040 Tacitum
3696 1973 3919 2040 vitam
3962 1974 4181 2040 soceri
4222 1973 4379 2041 ideo

647 2091 1042 2152 narrantem
1105 2084 1291 2170 facit,
1307 2083 1356 2167 ⁸)
1415 2085 1604 2171 quod
1663 2091 1905 2150 auctor
1957 2108 2000 2150 a
2053 2083 2350 2172 Trajano
2400 2083 2636 2172 jussus
2698 2091 2865 2170 erat,
2910 2105 3049 2170 666,
3096 2083 3217 2171 (1111
3258 2086 3335 2150 111
3379 2085 3769 2152 Domitiam
3812 2084 4069 2152 amicos
4114 2107 4381 2152 summa

647 2219 802 2264 cum
867 2195 1164 2263 saevitia
1227 2196 1426 2262 11111111
1490 2195 2007 2262 vindicaturum
2074 2219 2224 2264 esse
2289 2202 2666 2285 sperarent,
2734 2197 2821 2264 de
2862 2197 3169 2283 ingenuo
3213 2205 3423 2283 atque
3468 2196 3623 2263 miti
3664 2196 4103 2285 imperatoris
4147 2198 4377 2266 animo

644 2309 908 2376 docere.
994 2309 1188 2375 Haec
1233 2307 1580 2374 sententia
1623 2306 1812 2374 omni
1852 2307 2483 2375 verisimilitudinis
2526 2312 2749 2397 specie
2792 2315 2998 2374 caret.
3075 2307 3419 2387 Quoniam
3463 2329 3701 2374 eorum
3746 2308 4054 2375 virorum
4092 2308 4375 2396 judicia,

645 2419 766 2504 qui
809 2419 1129 2486 Tacitum
1187 2418 1408 2485 soceri
1449 2419 1598 2486 vita
1639 2419 1987 2486 narranda
2032 2419 2399 2486 consilium
2444 2419 2726 2505 aliquod
2768 2419 3124 2508 politicum
3170 2427 3481 2486 secutum
3528 2443 3677 2486 esse
3720 2420 4193 2487 demonstrare
4236 2428 4381 2488 stu-

647 2529 966 2614 duerunt,
1011 2529 1607 2618 perlustravimuS,
1655 2553 1842 2596 nunc
1885 2531 2090 2598 nobis
2136 2531 2432 2597 dicenda
2468 2554 2617 2597 esse
2660 2530 3007 2616 videntur,
3056 2553 3233 2616 quae
3278 2537 3522 2598 contra
3565 2530 3924 2620 disputata
3966 2539 4148 2600 sunt.

957 2643 1178 2720 Quam
1231 2641 1743 2710 accuratissime
1795 2641 2144 2708 Hirzelius
2204 2643 2513 2709 virorum
2570 2643 3011 2710 laudatorum
3064 2642 3429 2709 sententiis
3484 2643 3884 2710 reluctatur.
3896 2643 3948 2726 ⁴)
4038 2645 4175 2723 Qui
4218 2666 4375 2711 cum

641 2753 1023 2822 absurdum
1092 2776 1240 2820 esse
1307 2753 1694 2820 ostenderit
1759 2754 1850 2819 ad
1913 2761 2230 2842 tempora
2293 2754 2777 2841 antiquissima
2820 2761 3093 2821 nostras
3136 2753 3515 2821 transferre
3558 2753 3917 2841 factiones,
3966 2777 4143 2842 quae
4188 2765 4376 2824 certa

641 2874 1025 2953 sequuntur
1051 2867 1128 2931 in
1155 2888 1230 2931 re
1273 2864 1556 2953 publica
1597 2865 1903 2951 gerenda
1945 2866 2249 2951 consilia,
2296 2867 2447 2939 fieri
2490 2888 2633 2935 non
2677 2867 2985 2955 potuisse
3030 2859 3215 2934 recte
3262 2868 3657 2953 arbitratur,
3706 2876 3787 2935 ut
3829 2868 4109 2935 Tacitus
4152 2870 4373 2956 partis

639 2978 850 3043 ullius
909 2978 1252 3043 rationem
1319 2984 1526 3063 atque
1592 2976 1880 3044 consilia
1923 2976 2342 3047 defenderet.
2432 2980 2637 3060 Quod
2681 2978 2959 3047 Tacitus
3002 2980 3078 3045 in
3116 2980 3337 3047 libelli
3379 2980 3603 3047 nostri
3646 2980 3874 3069 capite
3916 2979 4144 3064 XLII,
4205 2980 4373 3066 quid

643 3088 730 3154 de
772 3110 848 3153 re
889 3087 1172 3176 publica
1215 3088 1490 3173 sentiat,
1534 3088 1920 3156 narrationi
1961 3089 2228 3174 inserit,
2273 3114 2312 3157 e
2355 3114 2546 3160 more
2590 3114 2715 3159 suo
2759 3090 2944 3177 fecit,
3014 3114 3177 3159 nam
3221 3093 3433 3159 etiam
3474 3091 3553 3159 in
3596 3092 3977 3179 majoribus
4018 3092 4213 3159 libris
4268 3092 4375 3159 hi-

641 3201 914 3268 storicis
959 3208 1086 3285 est,
1156 3200 1280 3267 ubi
1338 3200 1678 3288 judicium
1745 3201 1832 3268 de
1897 3224 1970 3268 re
2036 3202 2318 3291 publica
2371 3204 2572 3270 ferat.
2662 3203 2871 3271 Nullo
2939 3210 3170 3270 autem
3238 3211 3644 3289 argumento
3692 3204 4123 3292 comprobari
4166 3226 4371 3292 posse
4440 3222 4447 3229 ’

633 3312 984 3379 Hirzelius
1051 3311 1288 3398 efficit,
1360 3312 1678 3379 Tacitum
1728 3335 1840 3379 res
1885 3338 1926 3380 a
1970 3336 2207 3381 socero
2251 3322 2485 3401 gestas
2522 3315 2714 3401 justo
2757 3314 3139 3403 majoribus
3181 3316 3508 3383 laudibus
3554 3338 3958 3400 exornasse3
4004 3338 4169 3383 nam
4213 3339 4371 3383 cum

637 3448 718 3491 ea
776 3424 1062 3493 aliorum
1133 3423 1548 3513 scriptorum
1621 3446 1847 3513 opera,
1921 3426 1998 3491 in
2057 3426 2310 3512 quibus
2375 3426 2463 3493 de
2524 3428 2891 3515 Agricolae
2958 3428 3161 3495 laude
3228 3428 3477 3495 bellica
3542 3435 3880 3515 ageretur,
3952 3427 4365 3515 interierint,

637 3536 907 3601 nullum
991 3536 1458 3603 testimonium
1545 3535 1716 3603 viris
1805 3535 2028 3603 doctis
2114 3545 2391 3626 praesto
2480 3546 2604 3625 est,
2695 3562 2830 3626 quo
2904 3540 3317 3629 persuadere
3388 3541 3595 3608 nobis
3666 3542 3959 3630 possint,
4048 3540 4365 3609 Tacitum

638 3670 804 3714 vera
845 3648 1245 3718 mutavisse.
1329 3648 1595 3715 Eadem
1657 3647 1744 3715 de
1795 3671 2002 3715 causa
2053 3672 2259 3739 porro
2305 3650 2539 3738 colligi
2582 3672 2724 3718 non
2769 3652 2951 3738 licet,
2998 3674 3107 3719 res
3153 3654 3241 3721 ab
3286 3654 3617 3741 Agricola
3658 3660 3891 3739 gestas
3936 3654 4104 3720 alios
4150 3653 4363 3741 scrip-

637 3764 822 3825 tores
887 3758 1239 3826 mentione
1305 3759 1554 3847 dignas
1599 3782 1741 3826 non
1786 3760 2082 3846 duxisse,
2129 3768 2202 3828 et
2244 3763 2603 3847 quaerenti
2646 3763 2800 3849 tibi,
2846 3785 2969 3830 cur
3012 3765 3385 3831 Suetonius
3432 3787 3707 3851 quoque
3750 3765 3837 3830 (16
3880 3764 4249 3851 Agricolae
4290 3764 4365 3829 in

635 3892 782 3937 rem
825 3870 1210 3937 Romanam
1249 3872 1516 3939 meritis
1561 3872 1780 3958 sileat,
1827 3874 2173 3940 Hirzelius
2217 3874 2611 3962 respondet,
2655 3875 3065 3943 Suetonium
3112 3876 3317 3943 etiam
3361 3876 3651 3943 aliorum
3694 3876 4003 3943 virorum
4047 3876 4364 3961 quamvis

637 3982 980 4059 clarorum
1031 3980 1220 4048 facta
1267 3984 1720 4071 praeteriisse.
1809 3986 1905 4051 Et
1954 3983 2086 4069 fac,
2139 3984 2397 4051 librum
2450 3988 2539 4052 ab
2591 3988 2997 4073 aequalibus
3048 3988 3485 4075 posterisque
3528 3987 3921 4074 neglectum
3966 4010 4134 4073 esse,
4180 3986 4365 4055 idem

641 4100 852 4181 atque
895 4095 1078 4164 libro
1117 4095 1202 4161 de
1247 4096 1620 4163 Germania
1664 4096 2046 4185 composito
2089 4098 2154 4163 ei
2199 4098 2560 4182 acciderat,
2606 4104 2687 4165 ut
2728 4106 2967 4166 monet
3008 4099 3417 4167 Urlichsius
3505 4099 3605 4165 At
3647 4098 3863 4165 Plinii
3907 4102 4369 4187 panegyricus

631 4205 848 4273 libelli
877 4206 1143 4275 Tacitei
1171 4208 1471 4297 speciem
1515 4230 1682 4297 prae
1723 4231 1796 4274 66
1840 4207 1994 4293 fert,
2041 4232 2265 4294 neque
2298 4208 2479 4275 forte
2521 4208 2785 4277 factum
2828 4234 2977 4278 esse
3020 4212 3443 4299 putabimus,
3488 4218 3569 4278 ut
3610 4218 3839 4277 totum
3882 4234 4101 4298 genus
4146 4212 4367 4279 vitam

632 4318 764 4385 viri
819 4318 1110 4405 alicujus
1162 4319 1604 4387 describendi
1643 4320 1825 4387 libro
1871 4319 2096 4386 Taciti
2141 4320 2328 4387 edito
2371 4322 2858 4390 resuscitatum
2902 4345 3321 4411 magnopere
3366 4322 3723 4391 coleretur.
3811 4323 3995 4390 Viris
4038 4322 4197 4409 illis,
4246 4324 4367 4409 qui

633 4430 720 4495 de
785 4428 1074 4497 consilio
1139 4431 1424 4519 politico
1492 4430 1996 4518 cogitaverunt,
2062 4454 2481 4517 quamquam
2548 4433 3062 4501 concedendum
3128 4442 3253 4520 est,
3318 4434 3635 4501 Tacitum
3692 4456 3819 4521 pro
3863 4434 4131 4519 reliqua
4172 4434 4361 4501 vitae

631 4548 830 4630 parte
879 4542 1152 4628 longius
1203 4542 1280 4607 111
1337 4543 1546 4609 rebus
1591 4544 1679 4611 ab
1723 4544 2056 4631 Agricola
2097 4544 2172 4610 in
2215 4544 2585 4611 Britannia
2629 4546 2977 4633 praeclare
3018 4548 3235 4633 gestis
3281 4545 3755 4613 describendis
3800 4546 4085 4631 versari,
4130 4554 4364 4613 tamen

629 4676 719 4719 ne
785 4652 1236 4738 obliviscaris,
1312 4676 1391 4720 eo
1455 4653 1608 4723 loco
1654 4656 1892 4723 Tacito
1959 4656 2036 4721 in
2103 4655 2401 4721 culmine
2446 4656 2644 4741 quasi
2686 4680 2919 4724 rerum
2963 4658 3381 4725 uberrimam
3425 4657 3579 4724 dari
3622 4656 3957 4724 laudandi
4000 4658 4360 4725 materiam

938 4928 989 5063 ¹3)
1019 4926 1346 5054 ἒῗιέιὲξίἑθ
1371 4929 1786 5055 1Ιέἰοίιιείπηιοίείοτι
1821 4930 2110 5001 publique
2147 4930 2350 5001 XXII,
2387 4930 2492 4985 309
2529 4936 2590 4985 et
2626 4930 2699 4986 cf.
2739 4932 2967 5002 ephem.
3000 4932 3089 4989 rei
3126 4950 3287 5005 gym.
3324 4930 3520 4987 Berol.
3559 4932 3711 5003 1881,
3744 4932 3867 4990 235.

940 5066 987 5131 ¹)
1030 5066 1466 5124 Commentatio
1504 5068 1577 5122 de
1614 5066 1786 5123 Corn.
1825 5066 2052 5123 Tacito.
2090 5067 2334 5121 Bonnae
2373 5066 2526 5123 1885.

933 5137 980 5204 ⁴)
1021 5136 1094 5191 In
1129 5154 1325 5209 progr.
1364 5135 1736 5207 Tubingensi
1775 5136 1922 5192 1871.
