4788 5725
0 3572 60 3614 Ιὲ

2316 192 2701 260 ...¹7-

633 414 719 475 ut
773 406 994 474 soceri
1042 404 1232 472 facta
1283 423 1648 488 moresque
1712 400 1951 468 multis
2009 399 2211 468 annis
2262 398 2677 498 intermissis
2742 407 2902 488 post
2950 398 3353 486 Agricolam
3394 375 3758 466 mortuum*
3790 401 4229 486 describeret,
4273 401 4365 470 ad

637 543 782 588 rem
850 517 1204 608 publicam
1255 515 1360 582 ita
1409 515 1672 580 librum
1728 513 2076 600 pertinere
2119 519 2374 596 censet,
2420 519 2501 578 ut
2544 510 2843 599 scriptor
2884 533 3081 578 suam
3122 509 3343 600 ipsius
3386 509 3745 595 rationem,
3790 534 3998 598 quam
4042 535 4085 580 a
4129 535 4365 580 socero

639 631 924 719 accepit,
969 629 1322 696 laudando
1351 631 1654 694 excuset.
1739 623 1842 690 Le
1883 622 2272 708 vainqueur
2315 621 2403 688 de
2442 623 2513 688 la
2555 622 2925 709 Bretagne,
2968 621 3202 708 inquit
3244 621 3690 707 Gantrellius,
3713 625 3759 705 ¹)
3806 631 3913 688 est
3956 647 4053 690 un
4094 623 4365 692 modelo

633 763 814 832 pour
855 749 1014 808 tous
1057 740 1159 806 108
1203 739 1513 804 hommes
1558 735 1952 824 politiqueS,
1995 755 2202 822 parce
2243 734 2415 820 qu’il
2459 758 2500 800 a
2541 732 2856 821 toujours
2900 732 3009 798 ete
3054 732 3241 798 aussi
3284 733 3553 820 eloigne
3615 732 3820 799 d'une
3886 734 4193 800 servilite
4250 734 4367 802 de·-

637 853 978 941 gradante
1024 848 1370 934 (deforme.
1401 845 1834 933 obsequium)
1889 867 2022 931 que
2067 845 2154 910 de
2194 845 2645 934 l'opposition
2688 845 3187 931 systematique
3230 846 3627 933 (abruptam
3670 847 4196 930 contumaciam)
4242 847 4363 914 des

639 961 1126 1052 republicains.
1211 961 1314 1026 Le
1371 981 1663 1049 passage
1711 959 1968 1044 (locum
2020 955 2192 1022 dicit
2241 956 2441 1026 illum
2494 956 2743 1045 capitis
2795 957 3027 1040 XLII)
3103 956 3239 1022 cite
3295 955 3454 1043 plus
3508 956 3679 1022 haut
3722 965 3847 1042 est,
3902 959 3943 1025 a
3985 981 4112 1026 nos
4156 981 4361 1045 yeux,

643 1097 906 1143 comme
952 1073 1020 1138 le
1079 1073 1350 1138 resume
1402 1071 1608 1138 d'une
1665 1069 2058 1160 profession
2123 1073 2212 1138 de
2268 1069 2370 1138 foi
2412 1069 2770 1158 politique.
2855 1069 3091 1135 Inesse
3135 1067 3359 1156 primo
3406 1069 3659 1136 obtutu
3700 1069 3777 1134 in
3820 1069 3953 1136 hoc
3995 1069 4130 1136 viri
4174 1070 4365 1138 docti

633 1183 918 1274 judicio,
971 1205 1096 1251 cur
1153 1183 1216 1250 ei
1267 1183 1745 1266 assentiamur,
1812 1182 2016 1250 facile
2081 1182 2434 1266 00110οᾶ08,
2502 1189 2574 1248 et
2614 1182 2943 1270 probavit
2994 1203 3145 1247 eam
3190 1179 3299 1247 vir
3344 1180 3431 1247 de
3473 1180 3699 1248 Taciti
3740 1181 4059 1250 doctrina
4102 1182 4363 1272 optime

638 1295 946 1381 meritae,
993 1297 1418 1381 Draegerum
1437 1294 1486 1377 ²³)
1531 1293 1707 1388 dico.
1781 1294 2358 1362 Adversariorum
2387 1300 2621 1383 partes
2660 1299 3113 1380 susceperunt
3154 1292 3631 1358 Andresenius
3674 1299 3745 1360 et
3787 1294 4195 1380 Eussnerus,
4241 1295 4365 1380 qui

639 1407 818 1474 falso
843 1406 1194 1492 judicasse
1222 1405 1686 1474 Gantrellium
1724 1404 2127 1473 existimant
2169 1405 2640 1495 compluribus
2684 1403 2909 1471 causis
2954 1402 3203 1470 allatis.
3290 1405 3482 1483 Quae
3504 1403 3979 1470 Andresenius
4006 1406 4299 1492 protulit
4308 1406 4361 1492 ⁸)

637 1540 781 1585 non
841 1516 1076 1603 magni
1125 1516 1348 1584 habeo
1406 1517 1742 1584 momenti
1785 1539 2012 1602 neque
2053 1517 2406 1584 mentione
2450 1516 2662 1604 digna
2704 1526 2903 1598 sunt3
2952 1523 3025 1580 at
3068 1513 3482 1602 gravissima
3524 1521 3707 1600 sunt,
3754 1537 3931 1601 quae
3971 1517 4361 1585 Eussnerus

641 1636 884 1696 contra
948 1627 1354 1717 disputavit.
1365 1629 1418 1713 ⁴)
1505 1628 1822 1694 Primum
1885 1630 2275 1696 Eussnerus
2341 1649 2579 1696 eorum
2644 1631 3071 1713 argumenta,
3142 1624 3263 1710 qui
3307 1624 3529 1692 Taciti
3570 1625 3827 1692 librum
3873 1626 3962 1694 ad
4004 1629 4361 1695 rhetorum

637 1746 1007 1828 praecepta
1051 1739 1514 1826 compositum
1557 1760 1705 1806 0880
1751 1737 2034 1824 ducunt,
2077 1739 2437 1826 redarguit
2480 1738 2841 1824 causisque
2884 1739 2975 1804 ab
3005 1735 3353 1804 Urlichsio
3384 1737 3693 1824 prolatis,
3739 1739 3825 1805 de
3870 1739 4123 1824 quibus
4152 1763 4363 1829 supra

638 1849 961 1935 diximus,
1025 1849 1196 1916 alias
1265 1849 1556 1918 addidit.
1641 1851 1944 1918 Firmari
1985 1850 2319 1918 Urlichsii
2363 1850 2782 1918 sententiam
2827 1855 3013 1914 recte
3058 1847 3168 1914 vir
3210 1845 3457 1914 doctus
3502 1847 3799 1934 conjecit
3844 1849 4155 1938 exemplo
4201 1851 4363 1918 Vel-

637 1961 759 2047 leji
803 1961 1172 2045 Paterculi,
1219 1961 1342 2047 qui
1384 1969 1456 2028 et
1495 1961 1648 2051 ipse
1691 1969 1997 2030 extremo
2051 1962 2230 2030 libro
2277 1961 2607 2030 historico
2652 1960 3159 2048 perorationem
3204 1981 3329 2048 pro
3376 1958 3637 2026 Tiberii
3681 1961 3901 2028 salute
3944 1961 4201 2028 factam
4245 1962 4365 2029 ad-

637 2073 901 2160 junxit;
969 2073 1251 2158 accedit,
1313 2072 1502 2158 quod
1547 2073 1828 2141 Tacitus
1890 2074 1967 2140 in
2029 2073 2170 2140 fine
2211 2074 2433 2140 libelli
2475 2073 2901 2162 propinquos
2946 2079 3222 2140 tantum
3266 2071 3693 2157 adhortatur,
3740 2079 3819 2138 ut
3864 2073 3953 2139 ad
3994 2073 4364 2160 Agricolae

641 2183 1030 2271 exemplum
1091 2183 1312 2250 vitam
1363 2185 1758 2269 instituant,
1817 2207 2061 2270 neque,
2109 2191 2188 2252 ut
2229 2185 2305 2250 in
2349 2184 2681 2269 oratione,
2730 2184 2863 2252 etsi
2906 2185 3086 2268 ficta,
3134 2183 3329 2268 solet,
3376 2182 3465 2250 ad
3508 2205 3831 2250 coronam
3876 2183 4361 2252 circumfusam

639 2295 858 2363 verba
898 2293 1087 2361 facit.
1174 2296 1562 2379 Praeterea,
1621 2317 1710 2360 ne
1773 2295 2158 2364 orationem
2211 2294 2693 2365 sublimiorum
2736 2295 3025 2380 mireris,
3070 2295 3460 2360 Eussnerus
3506 2315 3779 2380 quoque
3822 2295 3909 2362 de
3952 2294 4365 2364 necessitate

640 2415 895 2490 monet,
941 2429 1118 2492 quae
1159 2405 1343 2472 inter
1386 2406 1795 2496 scriptorem
1839 2419 1910 2474 et
1953 2431 2114 2474 eum
2157 2407 2547 2493 intercedit,
2606 2406 2803 2494 cujus
2846 2407 2999 2474 vita
3038 2415 3381 2490 narratur,
3426 2412 3497 2472 et
3540 2405 3854 2472 Tacitum
3898 2430 4117 2494 usque
4160 2407 4247 2474 ad
4286 2407 4363 2473 id

641 2525 916 2605 tempus
981 2518 1058 2582 in
1117 2517 1341 2584 causis
1395 2519 1802 2606 perorandis
1861 2526 2218 2586 versatum
2279 2541 2447 2588 esse.
2532 2519 2651 2586 Ad
2703 2516 3114 2586 historicum
3166 2526 3397 2584 autem
3450 2539 3669 2604 genus
3714 2517 3971 2584 librum
4014 2517 4359 2605 pertinere

641 2629 852 2696 etiam
909 2629 1074 2696 inde
1133 2629 1463 2716 sequitur,
1519 2630 1708 2716 quod
1752 2629 2032 2698 Tacitus
2091 2632 2168 2696 in
2209 2631 2566 2721 prooemio
2616 2631 2865 2698 talium
2910 2630 3237 2714 virorum,
3305 2629 3423 2715 qui
3470 2652 3665 2696 suam
3708 2629 3846 2717 ipsi
3887 2629 4109 2695 vitam
4150 2629 4365 2696 tradi-

639 2740 914 2827 derunt,
982 2742 1072 2808 ad
1137 2743 1725 2831 comparationem
1797 2743 2220 2811 mentionem
2261 2743 2491 2829 injicit
2536 2742 2845 2828 aliosque
2891 2740 3261 2829 ampliores
3304 2740 3521 2807 libros
3564 2739 3933 2806 historicos
3978 2761 4051 2806 se
4094 2739 4365 2806 confec—

637 2861 873 2921 turum
929 2876 1077 2921 esse
1131 2854 1560 2942 pronuntiat.
1649 2854 1851 2933 Quod
1915 2877 2080 2923 vero
2140 2854 2348 2922 nimis
2396 2878 2707 2923 socerum
2748 2852 3034 2921 laudare
3076 2852 3415 2939 videatur,
3458 2875 3721 2921 morem
3765 2851 3985 2921 vitam
4025 2851 4363 2940 praeclari

638 2966 930 3051 alicujus
961 2966 1098 3031 viri
1127 2964 1666 3033 describentium
1698 2965 2014 3033 Tacitum
2057 2968 2463 3035 observasse
2506 2965 2695 3051 dicit,
2740 2988 2965 3051 neque
3008 2964 3481 3031 laudationem
3524 2964 3613 3031 ab
3656 2964 3950 3031 historia
3992 2964 4361 3032 abhorrere

641 3076 1058 3162 Ciceronem,
1124 3076 1588 3162 Ammianum,
1657 3077 2164 3157 Quintilianum
2227 3086 2443 3145 testes
2510 3077 2729 3161 affert,
2799 3077 2917 3163 qui
2980 3075 3345 3143 historiam
3388 3076 3479 3143 ad
3519 3075 3952 3143 laudativum
3998 3099 4219 3164 genus
4260 3099 4365 3145 re-

637 3188 967 3257 tulerunt.
1056 3188 1248 3267 Quae
1307 3188 1732 3256 Gantrellius
1751 3189 1802 3273 ⁵)
1862 3191 2210 3258 Eussnero
2264 3189 2645 3277 respondit,
2712 3189 2810 3255 eis
2870 3188 3045 3255 mihi
3100 3210 3245 3256 non
3294 3186 3657 3277 persuasit,
3704 3188 4120 3255 sententiam
4164 3210 4363 3255 suam

635 3320 784 3365 esse
849 3299 1302 3387 probandam.
1389 3300 1642 3385 Verba,
1697 3322 1874 3386 quae
1929 3300 2330 3391 saepissime
2391 3302 2652 3390 scripta
2692 3300 3137 3385 invenimus,:
3194 3298 3419 3367 vitam
3462 3298 3755 3385 alicujus
3798 3300 4111 3368 tradere“
4159 3308 4230 3366 et
4272 3298 4367 3367 si-

633 3408 826 3477 milia
867 3411 1038 3477 item
1081 3412 1172 3477 ad
1213 3410 1687 3479 laudationem
1729 3412 1804 3479 in
1847 3412 2142 3479 historia
2183 3420 2577 3479 versantem
2620 3412 2987 3479 convenire
3031 3434 3236 3500 posse
3278 3418 3487 3497 atque
3532 3411 3622 3479 ad
3666 3410 3852 3479 vitae
3894 3411 4363 3479 narrationem

634 3518 1036 3589 historicam
1065 3544 1210 3589 non
1235 3524 1666 3610 negaverim;
1713 3524 1944 3613 aptius
1974 3532 2208 3591 tamen
2236 3524 2411 3591 mihi
2442 3525 2659 3593 verba
2686 3524 2841 3611 ipsa
2872 3522 3371 3611 contemplanti
3400 3524 3535 3589 hoc
3578 3521 3967 3609 significare
4010 3522 4356 3607 videntur,

637 3638 708 3699 et
753 3632 922 3717 quid
973 3640 1098 3717 est,
1144 3655 1266 3699 cur
1305 3636 1382 3699 in
1426 3635 1574 3703 vita
1617 3634 1948 3704 historiae
1987 3636 2262 3703 ratione
2303 3636 2689 3703 enarranda
2732 3634 2961 3702 locum
3002 3633 3335 3701 laudandi
3380 3656 3529 3701 0880
3572 3634 4003 3701 infitiemur?
4088 3633 4205 3701 Ab
4250 3656 4361 3701 ae-

639 3743 960 3827 qualibus
1008 3745 1178 3829 quin
1223 3745 1502 3812 Tacitus
1547 3747 1826 3813 veniam
1867 3756 2082 3836 petat,
2127 3770 2330 3815 nemo
2377 3746 2521 3813 fere
2568 3756 2692 3833 est,
2740 3751 2853 3833 qui
2899 3746 3195 3832 dubitet,
3250 3754 3325 3813 at
3368 3746 3589 3813 vitam
3632 3768 3705 3812 se
3748 3744 4169 3813 traditurum
4212 3768 4365 3813 esse

641 3854 937 3939 posteris
969 3891 1052 3901 —
1080 3877 1244 3921 nam
1288 3864 1814 3925 monumentum
1853 3882 2006 3925 aere
2051 3859 2443 3947 perenniuS,
2488 3868 2569 3925 ut
2610 3859 2891 3928 Horatii
2932 3858 3110 3925 illud
3155 3857 3399 3924 afferre
3442 3857 3667 3943 liceat,
3714 3879 3949 3925 socero
3994 3857 4255 3943 erigere
4298 3857 4367 3923 01

639 3970 747 4031 est
788 3962 865 4029 in
909 3963 1141 4029 animo
1187 4002 1268 4013 --
1311 3968 1420 4033 bis
1465 3970 1852 4055 profitetur.
1940 3971 2184 4056 Neque
2225 3978 2415 4037 recte
2458 3972 2757 4038 sensisse
2800 3969 3263 4037 Gantrellium
3306 3968 3601 4035 dixerim
3646 3968 4179 4054 existimantem,
4232 3991 4365 4035 usu

643 4072 1212 4159 frequentissimo
1257 4075 1640 4143 dictionum
1685 4080 2002 4147 Sallustii
2065 4081 2493 4168 aliorumque
2552 4106 2783 4151 rerum
2824 4092 3179 4171 gestarum
3222 4080 3637 4169 scriptorum
3680 4081 3913 4169 colligi
3952 4102 4095 4149 non
4136 4100 4361 4167 posse,

635 4186 1054 4252 sententiam
1084 4186 1414 4255 Urlichsii
1445 4195 1514 4254 et
1543 4190 1878 4257 Eussneri
1905 4191 2326 4261 laudandam
2357 4218 2532 4279 esse;
2578 4216 2739 4261 nam
2782 4216 2927 4259 non
2970 4192 3195 4261 solum
3239 4193 3457 4261 verba
3502 4192 3841 4279 quaedam
3884 4191 4361 4275 dictionesque

633 4296 805 4363 satis
836 4297 1086 4365 habuit
1113 4308 1353 4368 noster
1383 4322 1470 4367 ex
1515 4300 1806 4368 aliorum
1851 4303 2266 4392 scriptorum
2308 4305 2509 4371 libris
2552 4304 2887 4391 hausisse,
2932 4304 3055 4371 sed
3094 4304 3303 4371 etiam
3346 4312 3573 4373 totum
3618 4303 3933 4372 ordinem
3975 4300 4372 4391 argumenti

639 4407 730 4474 ad
759 4409 1072 4475 Sallustii
1103 4410 1508 4497 praesertim
1551 4434 1760 4501 opera
1805 4414 2300 4501 accomodavit,
2389 4419 2583 4497 Quae
2627 4416 2686 4483 si
2731 4416 2887 4501 quis
2933 4414 3161 4482 adhuc
3203 4436 3375 4483 vera
3416 4438 3565 4483 0880
3610 4415 3889 4483 diffidat
3930 4416 4173 4502 delego
4206 4437 4365 4481 eum

637 4516 728 4583 ad
769 4518 1100 4586 Urlichsii
1160 4525 1830 4609 commentationem,
1848 4525 1898 4609 ⁸)
1953 4526 2080 4592 ubi
2135 4536 2397 4613 quanta
2448 4528 2543 4596 sit
2585 4528 2969 4595 similitudo
3012 4527 3199 4593 inter
3238 4526 3553 4594 libellum
3594 4537 3909 4595 nostrum
3952 4536 4024 4594 et
4064 4527 4373 4595 minores

947 4724 1318 4859 :gpraefatio
1353 4747 1452 4800 p.

1059 4812 1168 4849 ne
1169 4797 1365 4866 p.hem
1425 4730 1522 4853 ittl.
1557 4798 1599 4853 J
1599 4816 1806 4855 ananei
1845 4802 1994 4873 1876,
2029 4802 2154 4858 250.

947 4795 994 4927 Ξ)
1031 4813 1206 4919 Armp
1223 4882 1342 4921 soc.
1379 4867 1525 4938 phil.
1561 4844 1994 4925 Berolinensis
2007 4872 2158 4927 18⁷7.

945 4932 992 4999 ⁴)
1028 4932 1080 4985 E
1081 4932 1273 5003 phem
1309 4952 1514 5017 gymn.
1549 4936 1982 4993 Bavaricorum
2019 4940 2194 5011 XIII,
2235 4942 2352 4996 145.

941 5003 989 5067 ⁸)
1026 4948 1178 5057 Nov.
1215 5018 1350 5059 ann.
1387 5004 1592 5075 philol.
1633 5008 1748 5077 115,
1825 5026 1882 5079 g.
1918 5009 2036 5065 ΤΠ.

942 5073 988 5138 0)
1023 5070 1112 5125 De
1152 5070 1282 5126 vita
1318 5078 1380 5127 et
1413 5050 1748 5131 honoribus
1778 5025 1990 5133 Taciti.
2061 5078 2445 5151 wirceburgi
2486 5080 2636 5149 1879,
2672 5079 2761 5133 22.
