4788 5725
2295 207 2681 258 ...o-.-

607 402 800 492 quod
824 401 1100 470 firmare
1136 399 1380 468 ausim.
1467 397 1648 464 Tum
1689 417 2018 464 excursus
2063 398 2362 487 scriptor
2400 396 2645 484 injecit
2688 403 2759 462 et
2804 417 2981 482 quae
3024 402 3188 463 ante
3230 393 3417 462 dicta
3458 403 3641 482 sunt,
3687 401 3761 464 in
3803 398 4208 466 memoriam
4236 421 4345 468 re-

485 553 493 560 ·
605 521 832 599 vocat,
893 535 1058 581 nam
1119 511 1198 578 in
1261 510 1491 600 capite
1545 507 1796 576 XVIII
1835 507 2228 576 invenimus
2275 509 2653 599 scriptum:
2720 532 2763 576 a
2806 507 2999 576 cuius
3043 507 3477 597 possessione
3519 518 3923 577 revocatum
3967 511 4341 580 Paulinum

607 626 984 695 rebellione
1046 624 1266 692 totius
1316 620 1726 688 Britanniae
1783 643 1992 708 supra
2042 621 2493 705 memoravi“;
2554 643 2597 688 a
2638 642 2715 687 re
2758 619 3119 708 proposita
3159 619 3435 687 decedit
3476 627 3703 688 totum
3748 629 3959 710 caput
3998 623 4340 694 XXVIII.

607 738 1116 808 Gravissimum
1155 741 1385 802 autem
1431 739 1931 820 argumentum,
1977 755 2064 800 ex
2107 755 2246 819 quo
2286 753 2702 820 cognoscere
2744 753 3131 821 possumus,
3176 731 3404 798 Taciti
3444 731 3758 801 libellum
3801 734 3891 801 ad
3932 734 4343 803 historicum

605 873 826 940 genus
876 845 1316 915 referendum
1354 867 1522 929 esse,
1575 843 1651 910 in
1693 866 1774 911 eo
1817 843 2124 934 positum
2167 850 2292 929 est,
2340 843 2531 930 quod
2569 843 2761 911 vitae
2803 849 3045 910 auctor
3086 863 3245 908 cum
3288 843 3583 910 aliorum
3625 865 3857 910 rerum
3902 845 4337 935 scriptorum,

605 970 760 1028 tum
803 957 1120 1028 Sallustii
1177 955 1456 1024 dicendi
1504 977 1724 1045 genus
1765 954 2048 1023 videtur
2089 963 2366 1022 secutus
2410 978 2581 1024 esse.
2668 953 3061 1024 Urlichsius
3135 977 3469 1042 magnum
3534 956 3845 1024 locorum
3890 956 4173 1024 exhibet
4214 981 4343 1025 nu-

607 1093 892 1156 merum,
951 1069 1072 1156 qui
1132 1067 1611 1152 „manifestam
1653 1065 1970 1135 Sallustii
2011 1067 2320 1155 produnt
2359 1065 2886 1150 imitationem“,
2940 1086 3315 1154 eorumque
3360 1067 3559 1156 copia
3604 1090 3645 1134 a
3688 1067 4029 1136 Teuffelio
4072 1075 4275 1135 aucta
4290 1070 4335 1152 ι)

606 1189 734 1250 est.
817 1181 1063 1269 Neque
1123 1178 1530 1247 Sallustium
1587 1178 1812 1244 solum
1871 1177 1994 1244 sed
2054 1177 2265 1244 etiam
2323 1177 2496 1245 alios
2546 1199 2778 1244 rerum
2834 1183 3189 1265 gestarum
3233 1178 3627 1266 scriptores,
3684 1178 3875 1266 quod
3927 1179 4018 1246 ad
4062 1179 4339 1246 dicendi

604 1315 825 1381 genus
878 1291 1149 1376 attinet,
1195 1289 1512 1356 Tacitum
1553 1288 1904 1356 imitatum
1955 1311 2106 1356 esse
2158 1290 2548 1356 Eussnerus
2601 1288 2825 1356 docet.
2842 1288 2893 1372 ²)
2978 1287 3177 1356 Idem
3231 1311 3556 1378 magnam
3610 1313 3761 1358 esse
3816 1290 4341 1358 similitudinem

603 1402 680 1470 in
726 1401 1158 1470 orationibus
1204 1399 1658 1488 disponendis
1682 1398 1992 1466 Sallustii
2035 1421 2192 1466 cum
2233 1400 2342 1485 iis,
2389 1423 2559 1486 quas
2602 1399 2681 1465 in
2700 1399 3069 1488 Agricolae
3112 1400 3263 1468 vita
3302 1401 3717 1489 invenimus,
3764 1401 4071 1470 ostendit
4114 1424 4338 1490 neque

608 1514 978 1604 prooemia,
1025 1536 1203 1600 quae
1246 1511 1620 1581 Sallustius
1659 1511 1986 1601 operibus
2033 1510 2178 1578 suis
2220 1512 2597 1600 praemisit,
2665 1511 3031 1579 dissimilia
3072 1533 3223 1578 esse
3264 1511 3487 1580 libelli
3512 1513 3739 1580 nostri
3783 1511 4068 1580 exordio
4112 1513 4333 1582 docet.

603 1627 762 1712 Sed,
821 1634 902 1693 ut
955 1625 1046 1692 ad
1089 1623 1329 1694 Urlich
1337 1622 1424 1690 sii
1477 1623 2130 1692 commentationem
2189 1623 2487 1709 redeam,
2540 1645 2747 1713 porro
2806 1631 3051 1692 contra
3100 1623 3533 1709 Hubnerum,
3596 1624 3717 1710 qui
3764 1622 4097 1714 temporis
4141 1647 4339 1693 accu-

601 1745 824 1804 ratam
867 1735 1449 1824 significationem
1493 1733 1863 1820 desiderat,
1913 1741 2102 1800 recte
2144 1742 2402 1820 monet,
2456 1735 2737 1822 quando
2785 1757 3097 1823 quaeque
3141 1743 3341 1823 gesta
3384 1742 3635 1822 essent,
3678 1735 4174 1825 imperatorum
4214 1759 4339 1806 no·

601 1848 912 1915 minibus
975 1846 1234 1914 additis
1289 1846 1460 1914 satis
1517 1845 1819 1914 dilucide
1887 1869 2038 1914 esse
2095 1845 2523 1916 distinctum.
2612 1847 2967 1916 Summam
3010 1845 3309 1932 denique
3366 1855 3605 1932 artem,
3664 1869 3803 1933 qua
3845 1847 4125 1914 Tacitus
4170 1871 4339 1916 usus

604 1961 718 2045 sit,
763 1959 980 2026 deleri
1011 1959 1122 2026 vir
1165 1957 1604 2026 doctissimus
1651 1957 2050 2044 arbitratur,
2093 1957 2156 2024 si
2199 1957 2481 2046 Calgaci
2524 1966 2597 2026 et
2635 1957 3007 2047 Agricolae
3052 1958 3403 2026 orationes
3434 1958 3849 2026 Hflbnerum
3894 1957 4111 2026 secuti
4154 1959 4345 2047 ejici-

608 2095 837 2156 amus3
901 2093 1167 2138 summo
1233 2069 1417 2136 enim
1483 2091 1640 2136 cum
1703 2067 1962 2156 gaudio
2023 2090 2354 2156 generum
2424 2068 2501 2136 in
2562 2092 2637 2136 re
2680 2093 2721 2137 a
2764 2091 3001 2137 socero
3068 2068 3618 2158 praeclarissime
3684 2075 3883 2155 gesta
3949 2070 4335 2138 accuratius

605 2166 991 2250 enarranda
1047 2179 1312 2250 versari
1361 2187 1432 2246 et
1485 2179 1957 2248 narrationem
2015 2179 2396 2248 subsistere
2440 2179 2639 2265 quasi
2682 2189 2753 2246 et
2794 2179 3149 2246 immorari
3190 2179 3266 2247 in
3310 2178 3611 2246 culmine
3652 2179 3931 2266 gloriae.
4034 2179 4125 2246 Ut
4166 2201 4333 2246 vero

601 2294 886 2361 Tacitus
909 2294 1098 2360 vitae
1130 2291 1580 2378 descriptioni
1619 2291 1968 2380 epilogum
2013 2300 2366 2358 oratorum
2411 2313 2580 2358 sane
2620 2290 2963 2359 rationem
3006 2297 3286 2358 secutus
3332 2289 3763 2378 adjungeret,
3810 2289 4063 2358 adduci
4104 2291 4336 2379 potuit

601 2405 1036 2473 orationibus
1081 2402 1556 2487 Sallustianis;
1611 2425 1776 2470 nam
1819 2403 2229 2472 Sallustium
2279 2411 2352 2469 et
2403 2403 2635 2492 ipsum
2687 2402 3123 2490 allocutione,
3178 2411 3259 2470 ut
3322 2409 3429 2470 est
3470 2402 3547 2468 in
3588 2403 3825 2470 libello
3869 2409 4131 2490 nostre,
4192 2425 4335 2470 non

604 2515 1024 2584 abstinuisse
1084 2523 1470 2582 commonet
1518 2535 1648 2585 nos
1693 2513 2081 2582 Urlichsius
2126 2514 2403 2600 duoque
2463 2515 2795 2604 exempla,
2842 2536 2927 2580 ex
2973 2513 3227 2600 quibus
3272 2514 3661 2602 perspicere
3703 2514 4066 2602 possimus,
4114 2513 4333 2582 affert.

601 2627 900 2718 Epilogo
967 2625 1206 2694 addito
1252 2625 1572 2694 Hfibneri
1629 2625 2050 2692 sententiam
2091 2623 2270 2691 nihil
2314 2623 2549 2692 fulciri
2592 2624 3063 2712 Guthlingius,
3129 2625 3249 2711 qui
3292 2625 3627 2692 Urlichsii
3670 2623 4067 2713 opinionem
4110 2645 4337 2692 corro-

603 2739 848 2808 borare
909 2737 1164 2824 studet,
1177 2737 1226 2820 ⁸)
1295 2737 1494 2823 sequi
1557 2743 1790 2804 censet
1835 2735 2124 2802 Homeri
2189 2736 2709 2822 consuetudine,
2779 2736 2899 2823 qui
2966 2759 3123 2802 cum
3179 2737 3387 2826 paulo
3433 2735 3569 2802 fuit
3614 2735 4021 2804 commotior
4060 2743 4335 2824 praeter

600 2859 962 2941 poetarum
1019 2852 1371 2941 epicorum
1427 2872 1632 2915 usum
1675 2845 1976 2916 secunda
2018 2870 2316 2938 persona
2357 2847 2465 2914 uti
2508 2847 2703 2917 solet.
2788 2847 2873 2915 Id
2917 2871 2994 2915 re
3037 2870 3206 2917 vera
3250 2846 3703 2935 Guthlingius
3746 2847 4137 2915 mirandum
4182 2870 4331 2915 esse

602 2962 1000 3045 arbitratur,
1063 2962 1125 3027 si
1177 2959 1356 3027 nihil
1413 2958 1700 3027 oratorii
1753 2958 1980 3048 operis
2025 2959 2250 3027 simile
2292 2968 2476 3027 esset
2517 2960 2596 3026 in
2636 2958 2839 3047 libre,
2886 2960 3009 3045 qui
3050 2968 3159 3029 tot
3202 2960 3404 3027 annis
3448 2959 3525 3027 in
3566 2958 3720 3026 foro
3764 2959 4129 3045 causisque
4172 2980 4334 3027 con-

603 3072 900 3161 sumptis
957 3072 1171 3139 fuerit
1217 3070 1482 3160 primus
1539 3071 1798 3159 gradus
1849 3070 2188 3139 historiae
2249 3070 2676 3140 scribendae.
2771 3070 3164 3140 Urlichsius
3226 3070 3635 3160 priusquam
3687 3069 4057 3157 Agricolae
4109 3068 4331 3137 vitam

601 3184 1036 3270 honoresque
1063 3182 1530 3251 narrationem
1575 3182 1800 3249 Taciti
1839 3203 2075 3272 presse
2119 3191 2397 3249 secutus
2442 3180 2833 3249 describere
2876 3182 3299 3269 aggreditur,
3345 3190 3631 3249 eatenus
3674 3188 3951 3249 tantum
3995 3180 4331 3248 Hubnero

597 3296 1114 3369 assentiendum
1143 3317 1294 3361 esse
1338 3300 1557 3384 putat,
1603 3302 1682 3360 ut
1723 3292 1875 3361 vita
1901 3292 2290 3362 laudationi
2331 3292 2717 3360 substituta
2758 3302 2831 3361 et
2870 3292 3185 3382 epilogus
3230 3292 3563 3361 orationis
3606 3293 3683 3359 in
3724 3292 4007 3359 modum
4050 3292 4331 3359 additus

597 3432 748 3477 esse
777 3407 1118 3475 videatur.
1182 3406 1378 3473 Haec
1409 3404 1742 3473 Urlichsii
1773 3402 2174 3491 conjectura
2201 3404 2519 3471 firmatur
2562 3404 3163 3473 animadversione
3188 3404 3531 3473 Liebertii
3574 3403 3872 3471 dicentis
3880 3404 3935 3489 ⁴)
3978 3412 4329 3471 auctorem

593 3519 672 3585 in
700 3540 1112 3603 unaquaque
1139 3517 1304 3585 libri
1345 3524 1544 3606 parte
1585 3538 1729 3583 non
1771 3522 1918 3583 tam
1961 3514 2374 3601 aequalium,
2424 3538 2633 3602 quam
2674 3522 3112 3605 posterorum
3152 3515 3553 3583 memoriam
3594 3514 3899 3602 injicere,
3946 3537 4084 3601 qua
4126 3536 4211 3583 ex
4252 3538 4329 3583 re

595 3630 858 3720 optimo
882 3628 1040 3717 jure
1070 3626 1390 3716 colligere
1418 3649 1806 3717 possumus,
1849 3626 2108 3695 librum
2140 3624 2228 3693 ad
2272 3649 2493 3714 genus
2534 3626 2947 3694 historicum
2986 3626 3355 3716 pertinere.
3440 3626 3721 3695 Summo
3766 3626 4019 3711 studi0,
4064 3634 4145 3693 ut
4181 3625 4329 3715 jam

595 3742 762 3825 dixi,
807 3738 1260 3827 Guthlingius
1288 3739 1334 3805 l.
1363 3739 1409 3807 1.
1437 3738 1772 3805 Urlichsii
1815 3739 2213 3828 opinionem
2247 3738 2581 3825 defendit,
2627 3738 2919 3807 aliorum
2962 3742 3341 3806 sententias
3386 3742 3808 3826 argumentis
3853 3760 4007 3805 meo
4050 3738 4326 3823 quIdem

588 3848 849 3937 judicio
893 3849 1082 3915 haud
1123 3848 1526 3938 spernendis
1557 3852 1938 3938 impugnat.
2025 3849 2132 3917 Ac
2173 3853 2469 3937 primum
2510 3858 2939 3937 argumenta,
2985 3873 3163 3937 quae
3204 3850 3583 3919 Urlichsius
3628 3860 3871 3919 contra
3910 3849 4327 3918 Hfibnerum

461 4021 471 4031 .
593 3961 848 4046 attufit,
903 3980 1028 4025 suo
1093 3960 1316 4027 Marte
1368 3970 1597 4047 auget.
1685 3962 2070 4045 Postquam
2121 3960 2268 4027 fieri
2319 3982 2465 4029 non
2504 3965 2813 4051 potuisse
2857 3961 3187 4047 ostendit,
3248 3966 3415 4048 quin
3454 3965 3669 4029 totius
3711 3962 3867 4029 libri
3909 3962 4134 4029 forum
4176 3982 4330 4029 ora-

590 4074 932 4157 tionisque
957 4070 1144 4137 color
1179 4092 1222 4137 a
1259 4074 1496 4137 ceteris
1519 4069 1588 4135 id
1609 4092 1828 4157 genus
1859 4070 2050 4138 libris
2083 4071 2519 4161 discreparet,
2564 4078 2889 4160 quoniam
2918 4077 3211 4162 scriptor
3254 4082 3325 4141 et
3367 4078 3605 4163 pietati
3650 4082 3721 4143 et
3764 4074 3923 4141 fidei
3966 4072 4325 4141 historicae

591 4184 987 4251 satisfacere
1039 4180 1342 4266 deberet,
1399 4180 1720 4248 Hfibneri
1779 4184 2158 4251 sententiae
2207 4184 2605 4271 reluctatur,
2666 4188 2784 4271 qui
2836 4184 3151 4253 Tacitum
3202 4188 3307 4251 sui
3363 4186 3709 4275 purgandi
3762 4206 3969 4253 causa
4034 4182 4325 4251 Aruleni

589 4296 852 4361 Rustici
896 4300 966 4359 et
1010 4292 1338 4359 Herennii
1382 4293 1774 4361 Senecionis
1819 4292 2254 4361 laudationes
2285 4317 2703 4363 memorasse
2746 4296 3123 4365 contendit.
3212 4296 3394 4365 Nam
3438 4306 3509 4365 et
3552 4300 3853 4367 Suetonii
3898 4296 4146 4381 verbis,
4208 4298 4325 4381 qui

592 4412 663 4473 in
725 4406 1094 4472 Domitiani
1149 4404 1338 4473 vitae
1395 4409 1787 4473 narratione
1838 4404 2080 4473 laudes
2124 4404 2493 4473 Rusticum
2550 4408 2840 4477 edidisse
2892 4407 3142 4497 prodit,
3200 4415 3276 4475 et
3312 4409 3517 4477 Plinii
3560 4410 4008 4477 Senecionem
4050 4408 4139 4475 de
4177 4410 4327 4473 vita

590 4514 890 4581 Helvidii
950 4513 1164 4583 libros
1231 4518 1696 4603 composuisse
1757 4518 2200 4583 memorantis
2213 4517 2265 4601 ⁶)
2353 4517 2808 4587 demonstrari
2872 4527 3245 4607 utrumque
3309 4524 3535 4589 virum
3596 4521 3832 4607 libros,
3906 4542 4043 4607 quo
4104 4518 4320 4587 verbo

589 4622 866 4691 Tacitus
929 4628 1076 4713 ipse
1140 4647 1414 4713 quoque
1483 4630 1553 4691 in
1617 4634 1838 4715 capite
1904 4626 2124 4695 altero
2190 4631 2425 4714 utitur,
2494 4632 2901 4719 condidisse,
2970 4654 3143 4718 quos
3208 4632 3451 4701 laudes
3495 4656 3754 4719 eorum,
3802 4654 4097 4719 quorum
4137 4632 4333 4699 vitae·

903 4830 946 4933 ξ)
982 4828 1210 4887 Sallust
1244 4846 1296 4885 ιι.
1338 4830 1604 4887 Tacitus.
1677 4834 1870 4905 Qrogt.
1909 4832 2110 4889 Tubiu
2189 4852 2246 4890 n.

899 4898 950 5035 -3
983 4896 1060 5021 ἐξ
1092 4900 2529 5052 gazum-fisgaiffiae”aazia

897 5038 945 5141 ἶ)
982 5035 1093 5118 De·
1106 5036 1380 5093 doctrina
1414 5038 1627 5101 Taciti.
1664 5040 2050 5112 wirceburgi
2091 5040 2238 5097 1868.

922 5108 946 5175 )
983 5106 1174 5178 Epist.
1207 5104 1380 5177 VIII,
1421 5108 1500 5177 19,
1537 5108 1590 5165 3.
