4788 5725
2137 196 2524 259 -6-

464 390 946 483 narrabantur,
1005 398 1358 465 continere
1405 397 1715 486 potuisse
1767 418 1911 463 non
1953 397 2317 467 infitiatur.
2407 398 2623 467 Recte
2677 401 2929 469 deinde
2974 402 3427 489 Guthlingius
3475 410 3717 471 contra
3760 404 4197 493 Hflbnerum,

461 513 580 577 ‘cui
628 519 819 577 totus
871 511 1045 576 lib'er
1097 510 1186 575 ad
1236 509 1590 575 rhetorum
1631 509 1820 596 leges
1867 517 2075 594 atque
2118 520 2490 599 praecepta
2532 514 2784 601 potius,
2833 536 3040 598 quam
3082 536 3313 579 rerum
3356 515 3775 603 scriptorum
3816 534 4201 585 accommo-
4301 552 4307 559 ·

469 624 671 690 datus
703 622 982 689 videtur
1021 644 1189 708 esse,
1235 621 1628 687 mirandum
1673 620 2044 687 admodum
2087 622 2238 689 fore
2267 622 2453 708 dicit,
2500 622 2559 688 si
2592 623 2892 709 Tacitus,
2938 623 3061 709 qui
3104 624 3328 690 causis
3373 626 3654 692 orandis
3697 649 3823 715 per
3862 628 4201 715 plurimos

469 756 686 801 annos
751 741 957 799 antea
1021 754 1301 821 operam
1365 737 1764 816 navaverat,
1831 732 1956 798 ubi
2019 732 2319 821 primum
2385 735 2477 800 ad
2529 758 2790 803 novum
2834 736 3185 803 scribendi
3226 759 3449 824 genus
3494 738 3879 824 accesserit,
3926 762 4200 807 omnem

469 845 764 911 oratoris
831 854 1050 910 artem
1103 842 1517 931 deposuerit.
1603 842 1868 909 Eadem
1913 866 2120 910 causa
2173 853 2243 910 et
2287 846 2473 931 quod
2518 847 2799 913 Tacitus
2865 848 3085 915 vitam
3128 848 3431 915 hominis
3475 870 3741 915 summa
3784 851 4197 917 necessitate

465 956 700 1021 ⁴secum
763 954 1116 1041 conjuncti
1173 954 1470 1041 posteris
1511 954 1796 1019 tradens
1841 956 2283 1024 commotiore
2329 957 2423 1023 sit
2470 958 2718 1043 animo,
2766 958 3089 1025 effectum
3132 982 3283 1025 esse
3326 960 3779 1047 Guthlingius
3825 960 4195 1046 existimat,
4298 1044 4305 1051 ἢ

467 1075 550 1132 ut
597 1066 818 1133 oratio
861 1065 1084 1133 fusior
1149 1074 1356 1151 atque
1400 1065 1742 1153 copiosior
1803 1066 2019 1151 fieret,
2075 1090 2282 1153 quam
2325 1090 2503 1154 quae
2546 1071 2622 1135 in
2668 1070 2911 1137 ceteris
2958 1069 3182 1137 Taciti
3226 1070 3425 1137 libris
3471 1070 3819 1138 historicis
3864 1080 4199 1145 occurrat.

465 1175 938 1266 ArgumentiS,
985 1200 1160 1262 quae
1203 1178 1280 1242 hi
1307 1176 1442 1244 viri
1487 1177 1888 1261 attulerunt,
1933 1179 2256 1247 Hfibneri
2297 1182 2645 1247 sententia
2686 1181 2991 1248 refutata
3034 1204 3183 1248 esse
3226 1182 3399 1247 mihi
3426 1181 3723 1269 videtur,
3776 1206 3998 1268 neque
4044 1184 4200 1250 aliis

460 1288 786 1356 ‘Hsibneri
829 1290 1224 1378 opinionem
1267 1289 1612 1377 placuisse
1659 1289 1734 1353 id
1781 1289 2194 1357 documento
2239 1300 2362 1377 est,
2412 1292 2599 1376 quod
2642 1314 2845 1359 nemo
2892 1293 2957 1359 ei
3000 1298 3107 1357 est
3149 1315 3491 1361 assensus.
3578 1292 3673 1359 Et
3712 1294 3944 1381 ipsum
3989 1294 4196 1381 hujus

471 1399 856 1467 sententiae
924 1408 1266 1467 auctorem
1335 1399 1693 1465 dubitasse
1759 1410 1997 1487 postea
2061 1402 2148 1468 de
2193 1403 2488 1469 veritate
2532 1404 2699 1490 ejus,
2769 1426 2854 1469 ex
2904 1428 2987 1471 ea
3028 1426 3103 1471 16
3150 1405 3475 1491 cognosci
3518 1412 3767 1493 potest,
3814 1408 4002 1491 quod
4044 1408 4195 1475 loco

472 1512 768 1598 quodam
812 1521 1116 1598 annotat,
1135 1515 1180 1595 ¹)
1224 1513 1376 1578 fieri
1417 1536 1556 1579 non
1597 1536 1816 1601 posse,
1863 1520 1942 1578 ut
1980 1512 2319 1599 judicium
2361 1513 2679 1580 omnibus
2726 1514 2897 1581 viris
2946 1516 3169 1581 doctis
3212 1516 3584 1605 probatum
3628 1518 3715 1583 de
3744 1517 3971 1585 Taciti
3997 1519 4203 1606 Agri-

473 1625 658 1691 colae
681 1624 912 1691 indole
933 1625 1114 1692 ferat
1147 1626 1530 1710 quisquam.
1596 1624 2018 1691 Monendum
2062 1632 2187 1709 est,
2236 1632 2398 1693 ante
2428 1626 2839 1693 Hubnerum
2880 1627 3067 1693 idem
3112 1628 3355 1695 tulisse
3392 1627 3723 1714 judicium
3759 1629 3907 1716 jam
3938 1632 4201 1699 Deder-

472 1736 750 1803 leinium
815 1738 1002 1803 hisce
1067 1736 1296 1803 verbis
1361 1741 1432 1801 in
1495 1736 1916 1825 praefatione
1937 1736 1985 1819 ²)
2051 1760 2280 1803 usum:
2347 1737 2455 1803 Ac
2518 1738 2819 1825 primum
2878 1744 3176 1805 omnium
3220 1740 3585 1826 Agricolae
3628 1744 3845 1809 vitam
3888 1742 4200 1829 volgavit

473 1853 703 1916 soceri.
791 1850 968 1915 Eam
1013 1854 1424 1937 scripturam
1468 1849 1874 1915 laudationis
1927 1853 2074 1915 vice
2117 1848 2312 1937 fungi
2363 1850 2598 1935 voluit,
2653 1855 2973 1936 quoniam
3016 1850 3140 1918 viri
3184 1852 3619 1919 illustrissimi
3664 1858 3989 1938 exequiae
4033 1876 4197 1939 qua-

471 1958 786 2029 driennio
859 1968 1020 2028 ante
1079 1961 1394 2027 defuncti
1459 1983 1539 2028 eo
1601 1961 1860 2027 honore
1905 1968 2270 2027 caruerant
2312 1963 2402 2028 ob
2448 1958 2686 2048 generi
2730 1964 3136 2032 absentiam.
3226 1964 3573 2043 Quoniam
3617 1965 3938 2033 Hubneri
3982 1965 4202 2055 opini-

469 2096 672 2140 onem
727 2073 1034 2139 futtilem
1091 2094 1240 2138 esse
1301 2071 1679 2157 docuimus,
1743 2072 2060 2139 venimus
2124 2096 2310 2139 nunc
2367 2073 2456 2141 ad
2502 2096 2738 2140 eorum
2780 2074 3090 2141 virorum
3136 2077 3515 2142 sententias
3564 2078 4030 2165 explicandaS,
4078 2079 4201 2163 qui

471 2184 790 2252 arbitrati
815 2192 996 2268 sunt,
1045 2182 1358 2250 Tacitum
1384 2184 1543 2249 ideo
1587 2184 1806 2249 vitam
1853 2185 2072 2252 soceri
2103 2186 2590 2274 composuisse,
2636 2192 2716 2251 ut
2760 2186 3053 2271 doceret,
3100 2208 3277 2273 quae
3318 2187 3397 2253 in
3436 2187 3853 2274 magistratu
3892 2190 4195 2275 gerendo

470 2295 657 2363 vitae
708 2296 887 2362 ratio
945 2296 1076 2361 sub
1123 2295 1350 2361 saevis
1397 2296 1928 2381 crudelibusque
1970 2297 2376 2384 praesertim
2422 2296 2780 2383 princibus
2826 2304 3009 2363 esset
3054 2298 3318 2386 optima
3363 2304 3433 2364 et
3474 2298 3772 2365 maxime
3814 2298 4192 2387 probanda.

468 2408 703 2493 Atque
757 2406 1022 2494 primus
1077 2406 1375 2491 quidem,
1445 2406 1642 2493 cujus
1710 2407 1796 2473 (16
1851 2407 2176 2495 opinione
2221 2408 2657 2495 disseramuS,
2704 2410 2961 2496 dignus
3006 2418 3113 2477 est
3156 2410 3602 2495 Gantrellius,
3672 2411 3793 2498 qui
3854 2409 3933 2477 in
3996 2412 4198 2499 ephe-

467 2518 729 2585 meride
787 2518 1056 2584 Gallica
1114 2518 1356 2604 lingua
1407 2518 1800 2607 conscripta
1816 2518 1864 2602 ³)
1931 2519 2349 2585 sententiam
2412 2542 2608 2587 suam
2662 2522 2747 2587 de
2798 2522 3020 2589 libelli
3080 2524 3369 2589 consilio
3421 2521 3497 2587 in
3540 2524 3769 2590 medio
3814 2524 4198 2614 proposuit.

469 2629 813 2697 Gantrelli
855 2630 1320 2714 omniumque,
1381 2628 1502 2714 qui
1562 2637 1725 2718 post
1768 2652 1926 2696 eum
1969 2630 2154 2695 idem
2199 2629 2341 2696 fere
2387 2632 2473 2697 de
2516 2632 2697 2700 libro
2737 2634 3247 2721 judicaverunt,
3296 2636 3641 2701 sententia
3682 2635 3846 2701 inde
3890 2636 4203 2723 profecta

469 2748 592 2825 661,
651 2742 838 2827 (111οᾶ
883 2740 1164 2807 Tacitus
1232 2741 1450 2806 soceri
1509 2741 1586 2806 in
1644 2742 1792 2807 vita
1859 2742 2175 2828 degenda
2216 2742 2555 2808 rationem
2598 2744 2833 2810 nimiis
2878 2746 3203 2813 laudibus
3250 2767 3579 2813 exornare
3622 2746 3919 2831 videtur,
3966 2769 4197 2831 quum,

471 2877 646 2940 quae
691 2877 732 2920 a
783 2853 988 2920 laude
1043 2852 1184 2918 sint
1245 2851 1487 2938 aliena,
1545 2853 1824 2921 omnino
1880 2852 2152 2920 silentio
2204 2860 2597 2942 praetereat
2656 2864 2777 2923 aut
2828 2856 3080 2924 leviter
3122 2865 3399 2924 tantum
3442 2858 3637 2925 velut
3678 2857 3753 2924 in
3794 2865 4197 2925 transcursu

467 2966 795 3053 tetigerit.
884 2966 1116 3050 Atque
1177 2987 1332 3029 cum
1393 2963 1708 3028 Tacitum
1779 2985 1930 3030 eam
1973 2965 2416 3052 potissimum
2460 2968 2549 3033 ob
2597 2991 2873 3035 causam
2920 2991 3231 3036 socerum
3280 2977 3629 3036 mortuum
3672 2969 3953 3036 laudare
3996 2970 4197 3037 intel-

467 3077 819 3161 lexissent,
879 3077 1066 3162 quod
1119 3078 1296 3144 ratio
1343 3077 1512 3164 ejus,
1574 3101 1780 3163 quam
1825 3081 1898 3146 in
1943 3103 2018 3146 re
2060 3079 2342 3168 publica
2386 3079 2940 3148 administranda
2984 3087 3260 3148 secutus
3306 3089 3431 3166 est,
3478 3081 3779 3148 mediam
3820 3083 4005 3148 inter
4040 3080 4199 3170 'per-

467 3188 773 3254 vicacem
841 3187 1172 3254 adversus
1236 3188 1656 3277 imperantes
1725 3192 2228 3258 contumaciam
2297 3181 2367 3258 et
2434 3191 2682 3257 servile
2750 3192 3162 3278 obsequium
3222 3193 3405 3259 viam
3454 3193 3812 3279 tenuisset,
3857 3194 3933 3259 id
3976 3195 4199 3282 egisse

469 3299 787 3366 Tacitum
839 3300 918 3364 in
979 3299 1158 3365 libro
1213 3301 1686 3389 componendo
1754 3303 2022 3390 opinati
2067 3311 2248 3388 sunt,
2309 3311 2390 3368 ut
2436 3302 2656 3369 soceri
2698 3303 3040 3369 rationem
3086 3304 3421 3391 optimam
3465 3327 3615 3370 esse
3658 3305 3734 3369 in
3776 3327 3851 3371 re
3895 3305 4196 3391 gerenda

469 3410 875 3496 aequalibus
919 3409 1128 3475 fidem
1173 3409 1447 3477 faceret.
1535 3411 1778 3498 Neque
1821 3435 1986 3480 vero
2035 3413 2258 3480 solum
2303 3415 2390 3481 ad
2436 3435 2747 3480 socerum
2780 3415 3208 3481 laudandum
3238 3415 3495 3481 librum
3528 3416 3952 3483 destinatum
3982 3416 4196 3484 fuisse

472 3545 514 3589 a
561 3522 912 3608 scriptore,
985 3521 1108 3587 sed
1165 3545 1320 3588 cum
1375 3531 1445 3589 61
1501 3523 1652 3612 ipse
1695 3525 2061 3611 Agricolae
2118 3527 2459 3594 rationem
2504 3549 2696 3591 suam
2743 3525 3039 3612 fecisset,
3086 3527 3222 3592 sibi
3266 3527 3473 3593 simul
3513 3529 3789 3594 laudem
3834 3535 4041 3615 atque
4087 3553 4199 3596 ex-

471 3633 899 3700 cusationem
945 3633 1280 3700 struxisse
1327 3635 1662 3702 Tacitum.
1749 3637 1942 3702 Haec
1987 3659 2162 3722 quae
2208 3637 2430 3722 attuli,
2485 3637 2560 3703 in
2604 3637 2911 3703 omnium
2956 3639 3265 3705 virorum
3310 3640 3675 3705 sententiis
3718 3642 4028 3724 redeunt,
4078 3640 4195 3726 qui

471 3745 652 3810 hanc
695 3766 843 3810 esse
886 3744 1106 3810 libelli
1150 3745 1412 3810 Tacit-ei
1451 3746 1756 3812 indolem
1802 3755 2228 3833 statuerunt;
2275 3773 2356 3815 ea
2399 3771 2575 3834 quae
2622 3749 2867 3834 cuique
2910 3741 3204 3838 propria
3238 3757 3419 3836 sunt,
3468 3772 3592 3817 suo
3634 3751 3785 3818 loco
3831 3753 4197 3820 exhibebo.

471 3855 912 3940 Gantrellius,
962 3855 1101 3940 qui,
1145 3863 1226 3922 ut
1266 3857 1431 3942 dixi,
1478 3858 1740 3946 primus
1783 3859 1992 3925 talem
2039 3859 2124 3925 de
2165 3859 2384 3925 libelli
2428 3851 2661 3927 indole
2693 3861 3087 3948 opinionem
3117 3863 3499 3949 proposuit,
3544 3863 3930 3930 laudationi
3965 3866 4199 3952 potius

471 3988 678 4052 quam
731 3965 918 4032 vitae
972 3967 1394 4033 enarrationi
1447 3968 1702 4034 librum
1758 3969 2094 4036 inservire
2137 3979 2341 4059 putat
2386 3972 2585 4057 eique
2628 3995 2884 4038 nomen
2926 3973 3179 4038 tribuit
3224 3972 3420 4061 eloge
3462 3973 3865 4060 historique.
3952 3975 4195 4038 Liceat

467 4077 658 4162 mihi,
706 4078 926 4165 ipsius
953 4079 1188 4163 verba,
1239 4079 1491 4163 quibus
1537 4081 1827 4147 editioni
1872 4081 2243 4169 praefatur,
2293 4083 2565 4150 afferre:
2624 4085 2717 4150 Ge
2762 4087 2973 4169 qu’on
3016 4093 3121 4151 est
3166 4109 3501 4170 convenu,
3548 4086 3793 4170 inquit,
3842 4081 4194 4168 d’appeler

465 4189 536 4254 la
578 4189 711 4254 Vie
758 4189 1158 4275 d’Agricola
1215 4192 1395 4256 n’est
1463 4213 1588 4278 pas
1635 4193 1675 4258 ὲ,
1716 4202 2162 4280 proprement
2204 4194 2435 4282 parler
2476 4219 2611 4261 une
2656 4195 3086 4284 biographie,
3132 4200 3300 4263 c'est
3342 4221 3477 4263 une
3506 4197 3675 4276 laus,
3723 4192 4051 4278 laudatio,
4096 4215 4194 4259 un

467 4299 680 4386 eloge‚
727 4321 836 4384 ou,
883 4323 1059 4388 pour
1101 4301 1329 4389 parler
1355 4303 1513 4391 plus
1536 4311 1966 4370 exactement
2009 4327 2272 4390 encore,
2325 4329 2425 4372 un
2470 4307 2664 4394 eloge
2706 4307 3110 4394 historique.
3176 4310 3366 4385 Quae
3412 4303 3755 4370 sententia
3801 4325 4014 4388 quum
4056 4327 4199 4372 me-

466 4411 657 4476 dium
716 4413 915 4496 quasi
973 4421 1210 4478 teneat
1267 4413 1451 4479 inter
1503 4438 1601 4499 ea,
1667 4439 1840 4501 quae
1893 4417 2272 4483 Hflbnerus
2325 4441 2638 4504 quaeque
2682 4419 3071 4486 Urlichsius
3115 4421 3642 4506 proposuerunt,
3702 4418 3879 4482 bene
3922 4415 4198 4484 firmata

463 4522 617 4589 viro
665 4523 869 4590 docto
915 4525 1213 4610 videtur,
1261 4526 1450 4610 quod
1493 4533 1720 4592 totum
1764 4527 1930 4594 belli
1977 4535 2463 4614 argumentum
2506 4519 2865 4615 formaque
2910 4529 3209 4594 orationi
3252 4527 3591 4594 concinna
3636 4527 3894 4615 optime
3940 4527 4015 4592 in
4044 4547 4197 4594 eam

467 4634 905 4703 conveniant.
983 4633 1210 4702 Nam:
1263 4637 1364 4703 Le
1422 4638 1604 4724 style
1665 4645 1769 4704 est
1824 4641 2192 4727 approprie
2247 4642 2287 4706 a
2338 4642 2408 4707 la
2458 4647 2703 4706 nature
2750 4641 2835 4706 (16
2879 4639 3099 4706 1’661·11
3202 4639 3265 4704 Il
3309 4663 3351 4704 a
3392 4661 3529 4704 11116
3574 4639 3855 4705 couleur
3900 4640 4196 4706 oratoire

462 4745 605 4810 1166
651 4747 1059 4834 prononcee.
1147 4748 1420 4816 Pietate
1465 4758 1693 4816 autem
1741 4750 1888 4816 sola
1935 4773 2150 4836 quum
2196 4753 2477 4818 Tacitus
2524 4751 2891 4818 Gantrellii
2936 4751 3333 4838 conjectura
3386 4750 3639 4818 adduci
3682 4774 3827 4818 non
3868 4750 4195 4840 potuerit,

781 4954 821 5022 ¹)
859 4953 932 5008 In
969 4955 1173 5078 Herm.
1211 4961 1374 5010 tomo
1411 4955 1576 5026 XVI,
1613 4957 1732 5011 542.

777 5022 1099 5161 gffivue
1109 5093 1181 5148 de
1217 5092 1621 5149 l‘instruction
1654 5092 1940 5165 publique
1978 5111 2051 5148 en
2091 5093 2384 5165 Belgique
2423 5095 2575 5150 1870.
