4788 5725
2153 144 2537 207 ...4.-

477 350 816 441 praeclari
858 348 1156 439 posteris
1199 348 1526 415 tradituri
1591 358 1774 433 sunt,
1833 346 2130 413 virtutes
2175 370 2381 434 quam
2428 347 2728 415 maxime
2764 348 3067 436 laudare,
3114 350 3291 419 vitia
3332 358 3455 419 aut
3498 376 3829 423 excusare
3874 363 3999 423 aut
4040 379 4209 447 neg-

477 462 712 550 ligere.
801 462 1006 527 Hanc
1069 458 1640 527 consuetudinem
1697 458 1772 525 in
1827 480 1904 525 re
1947 458 2102 547 ipsa
2143 459 2445 547 positam
2488 457 2699 526 etiam
2727 482 2915 526 nunc
2958 461 3509 529 animadvertere
3549 462 3715 531 licet
3756 488 3985 553 neque
4026 466 4213 537 hanc

473 576 570 643 ob
605 597 751 641 rem
779 574 863 640 de
891 572 1292 641 laudatione
1321 572 1598 639 funebri
1629 571 1834 639 nobis
1879 592 2034 636 cum
2079 570 2350 638 Mohrio
2396 571 2844 658 cogitandum
2888 580 3013 639 est.
3100 572 3202 640 Ut
3244 574 3604 643 Walchius
3648 598 3995 645 summum
4024 579 4209 649 libro

471 686 785 755 dandum
815 708 964 752 esse
1005 686 1340 751 honorem
1369 683 1634 767 statuit,
1682 705 1818 770 quo
1863 682 2238 771 perfectius
2285 681 2575 770 cogitari
2618 682 2939 770 nequiret
2981 682 3380 770 quidquam,
3426 685 3527 752 ita
3568 686 3869 755 invicem
3914 690 4207 777 exstitit,

475 799 600 886 qui
641 798 836 865 vitiis
879 797 1187 883 undique
1231 818 1485 883 magna
1528 818 1692 864 cura
1736 794 2042 861 collectis
2087 793 2342 859 librum
2386 793 2665 861 mundis
2711 802 2919 880 atque
2964 794 3313 862 erroribus
3358 804 3621 863 scatere
3666 796 3945 887 diceret,
4000 824 4211 889 quam

474 912 570 977 ob
623 932 770 977 rem
827 908 980 975 fieri
1031 928 1173 975 non
1231 908 1480 995 potuit,
1537 906 1708 993 quin
1765 905 2102 990 Tacitum,
2160 927 2391 971 rerum
2449 912 2803 993 gestarum
2848 904 3254 993 scriptorem
3299 906 3931 998 diligentissimum,
3986 914 4209 981 libelli

471 1027 828 1088 auctorem
871 1042 1020 1085 esse
1063 1024 1368 1105 negaret.
1459 1019 1893 1103 Quamquam
1937 1016 2233 1083 Heldius
2261 1054 2343 1065 -
2373 1016 2436 1083 is
2482 1016 2666 1083 enim
2708 1015 2786 1083 in
2830 1016 3409 1084 commentatione
3458 1018 3583 1103 „de
3630 1020 3753 1089 Cn.
3794 1022 3845 1090 J
3846 1023 3971 1089 ulii
4001 1026 4209 1113 Agri-

473 1132 668 1198 colae
720 1130 886 1215 vita,
943 1152 1118 1216 quae
1182 1129 1394 1217 vulgo
1441 1128 1760 1196 Cornelio
1805 1126 2045 1194 Tacito
2090 1127 2537 1215 adsignatur-‘⁴
2584 1126 2766 1193 hanc
2818 1128 3233 1194 sententiam
3276 1129 3573 1217 protulit
3614 1168 3699 1181 -·-
3744 1132 3869 1200 ubi
3912 1134 3999 1202 de
4044 1137 4208 1206 stilo

473 1243 626 1331 agit
667 1242 855 1309 haud
895 1264 1120 1329 pauca
1161 1264 1200 1307 e
1245 1240 1470 1307 Taciti
1535 1239 1885 1306 scribendi
1951 1238 2449 1306 consuetudine
2517 1238 2705 1305 dicta
2770 1262 2917 1306 esse
2986 1238 3323 1308 concedit.
3410 1241 3639 1310 Nimis
3684 1245 3909 1311 severi
3946 1245 4206 1333 judicis

471 1361 709 1443 partes
743 1352 1038 1419 Heldius
1073 1352 1377 1441 suscepit
1401 1351 1935 1439 opinionemque
1980 1350 2128 1437 ejus
2173 1351 2349 1417 bene
2391 1348 2731 1417 refutasse
2774 1351 3055 1419 videtur
3076 1350 3379 1417 Karolus
3422 1352 3745 1421 Halmius
3760 1356 3829 1441 ¹),
3874 1365 3955 1423 ut
3996 1358 4205 1447 longa

473 1464 949 1554 disputatione
979 1464 1426 1552 supersedere
1465 1462 1744 1551 possim,
1791 1460 2197 1549 praesertim
2243 1484 2397 1527 cum
2440 1463 2789 1529 neminem
2832 1464 3143 1530 virorum
3187 1464 3549 1531 doctorum
3592 1488 3781 1533 nunc
3824 1468 3913 1535 ab
3946 1469 4200 1541 Heldio

471 1586 660 1645 stare
702 1584 960 1665 putem.
1047 1574 1680 1641 Sommerbrodtius
1725 1572 1932 1657 solus,
1981 1594 2154 1657 quos
2196 1572 2429 1658 sciam,
2474 1574 2730 1642 Heldio
2777 1596 3099 1641 assensus
3143 1580 3263 1642 est.
3278 1574 3329 1657 ')
3790 1580 3795 1585 ’

785 1685 1130 1767 Quoniam
1161 1706 1396 1751 eorum
1429 1684 1754 1769 virorum,
1803 1682 1926 1769 qui
1967 1690 2129 1749 ante
2169 1684 2574 1752 memoriam
2619 1692 2929 1751 nostram
2974 1686 3061 1751 de
3102 1685 3325 1752 libelli
3364 1684 3601 1753 indole
3645 1687 4200 1779 disputaverunt,

475 1799 858 1869 sententias
907 1796 1158 1863 leviter
1209 1795 1588 1883 attigimus,
1633 1794 1814 1880 'quid
1865 1793 2072 1881 hujus
2139 1795 2385 1861 aetatis
2446 1796 2583 1864 viri
2634 1794 2826 1863 docti
2888 1794 2977 1861 de
3036 1795 3217 1863 libro
3262 1798 3607 1864 senserint
3647 1808 3719 1865 et
3761 1800 3847 1867 de
3892 1802 4195 1885 consilio,

475 1914 666 2001 quod
697 1911 977 1978 Tacitus
1023 1910 1096 1974 in
1125 1908 1606 1997 componenda
1647 1906 1868 1974 soceri
1907 1905 2059 1973 vita
2101 1914 2378 1973 secutus
2420 1908 2535 1994 sit,
2582 1907 2953 1973 dicendum
2994 1906 3167 1973 mihi
3210 1907 3491 1975 videtur
3532 1933 3701 1979 esse.
3787 1912 4020 1999 Atque
4060 1914 4200 2003 pri·-

478 2048 632 2093 mus
703 2022 983 2109 quidem
1047 2028 1208 2109 post
1251 2019 1438 2086 viros
1481 2039 1692 2107 supra
1753 2024 2172 2083 memoratos
2230 2018 2607 2085 Hfibnerus
2660 2018 2747 2085 de
2803 2020 2935 2087 hac
2978 2020 3381 2107 quaestione
3442 2021 3725 2089 uberius
3790 2024 4137 2095 disseruit.
4150 2026 4201 2111 ⁸)

481 2138 856 2203 Hfibnerus
887 2156 974 2201 ex
1004 2132 1249 2217 causis,
1297 2154 1468 2217 quas
1499 2130 1704 2195 affert
1731 2150 2042 2214 quasque
2071 2150 2158 2194 ex
2185 2128 2292 2212 iis,
2339 2151 2517 2213 quae
2560 2139 2803 2197 contra
2845 2132 3201 2219 disputata
3244 2140 3425 2217 sunt,
3474 2156 3865 2220 cognoscas,
3912 2137 4199 2224 colligit,

479 2248 797 2315 Tacitum
827 2270 1034 2332 quum
1071 2269 1108 2312 e
1137 2267 1327 2311 more
1357 2245 1828 2311 Romanorum
1859 2264 2172 2311 socerum
2201 2242 2623 2311 laudationis
2668 2242 2983 2309 funebris
3024 2242 3287 2309 honore
3332 2242 3604 2310 afficere
3641 2244 3718 2309 in
3760 2243 3913 2332 ipso
3958 2245 4203 2313 funere

475 2358 852 2448 impeditus
913 2364 1111 2441 esset,
1169 2357 1464 2423 Romam
1524 2362 1852 2442 quattuor
1910 2356 2112 2423 annis
2169 2362 2332 2444 post
2371 2353 2740 2441 Agricolae
2785 2354 3054 2421 obitum
3097 2376 3451 2421 reversum
3497 2356 3877 2423 orationem
3920 2358 3997 2423 in
4036 2358 4203 2425 libri

475 2471 771 2538 formam
813 2467 1161 2554 redegisse
1203 2466 1690 2552 redactamque
1735 2466 2052 2533 edidisse.
2139 2466 2370 2533 Facile
2416 2464 2753 2533 Hubnero
2798 2464 3150 2549 concedeS,
3198 2464 3533 2551 Tacitum,
3602 2467 3663 2533 si
3705 2468 3973 2536 Romae
4034 2470 4207 2538 affu-

477 2584 667 2667 isset,
713 2601 1024 2646 socerum
1065 2586 1416 2643 mortuum
1446 2576 1757 2644 oratione
1787 2576 2066 2643 funebri
2111 2576 2551 2643 laudaturum
2586 2574 2820 2661 fuisse,
2868 2576 3049 2643 sicut
3076 2589 3281 2645 antea
3312 2577 3721 2663 Verginium
3764 2580 4203 2667 laudaverat;

479 2693 630 2759 fieri
675 2692 884 2757 etiam
928 2689 1240 2778 potuisse
1284 2688 1647 2773 credimuS,
1699 2696 1782 2755 ut
1824 2689 2184 2755 occasione
2227 2688 2392 2755 data
2436 2688 2717 2755 Tacitus
2763 2689 3147 2755 orationem
3188 2688 3265 2755 in
3304 2688 3469 2753 libri
3514 2686 3807 2757 formam
3850 2692 4200 2759 redactam

479 2805 731 2889 ederet,
779 2810 1089 2870 attamen
1131 2800 1264 2867 hoc
1308 2799 1531 2868 Taciti
1573 2799 1753 2868 libro
1795 2798 2263 2868 laudationem
2310 2799 2673 2866 funebrem
2719 2808 3006 2886 exstare,
3050 2801 3336 2868 minime
3378 2800 3582 2868 nobis
3626 2800 4002 2870 Hflbnerus
4046 2824 4201 2892 pro-

479 2917 696 3001 bavit,
743 2921 1063 3000 recteque
1109 2913 1497 2979 Urlichsius
1543 2911 1956 2978 sententiam
2003 2911 2152 2998 ejus
2196 2911 2703 3000 impugnasse⁴)
2748 2913 2921 2978 mihi
2960 2912 3255 2978 videtur.
3348 2915 3572 2980 Docet
3614 2921 3847 2980 autem
3889 2915 4001 2981 vir
4044 2915 4203 2982 doc-

475 3035 614 3112 tus,
663 3025 782 3111 qui
828 3023 990 3089 huic
1031 3023 1252 3090 Taciti
1295 3023 1474 3089 libro
1521 3045 1842 3108 magnam
1885 3021 2274 3110 impertivit
2318 3045 2616 3112 operam,
2662 3023 3089 3110 prooemium
3136 3023 3405 3089 nullum
3450 3025 3783 3093 orationis
3826 3027 4203 3114 vestigium

483 3137 840 3221 exhibere,
911 3158 1124 3220 quum
1187 3156 1314 3222 per
1375 3141 1600 3200 totum
1665 3133 2094 3222 prooemium
2161 3135 2467 3223 priorum
2530 3135 2836 3200 vitarum
2897 3133 3337 3222 scriptorum·
3382 3136 3655 3203 felicem
3726 3137 4203 3204 condicionem

478 3251 924 3338 ipsorumque
989 3255 1379 3334 temporum
1431 3245 1836 3312 felicitatem
1890 3267 2046 3310 cum
2099 3267 2226 3312 sua
2285 3245 2507 3334 ipsius
2553 3251 2779 3310 aetate
2838 3243 3151 3310 conferat
3206 3244 3809 3314 vehementissime
3868 3247 4204 3315 invehens

476 3362 553 3428 in
579 3359 965 3428 Domitiani
994 3357 1267 3446 imperii
1297 3356 1642 3424 saevitias,
1727 3357 1970 3442 Neque
2013 3355 2270 3444 injuria
2313 3355 2701 3423 Urlichsius
2746 3378 3025 3422 causam
3068 3355 3357 3442 reperiri
3400 3378 3542 3422 non
3585 3379 3787 3445 posse
3832 3359 4201 3444 existimat,

478 3493 600 3539 cur
644 3469 923 3536 Tacitus
979 3467 1254 3536 veniam
1311 3474 1524 3556 petat,
1583 3467 2058 3534 laudationem
2113 3466 2477 3534 funebrem
2524 3468 2585 3532 si
2626 3465 2881 3533 librum
2926 3490 3075 3533 esse
3118 3467 3291 3534 velit
3334 3469 3715 3535 secundum
3758 3493 4023 3538 morem
4067 3472 4207 3538 Ro-

473 3605 854 3650 manorum.
943 3579 1234 3647 Accedit
1263 3579 1469 3665 quod,
1512 3587 1592 3644 ut
1619 3579 1668 3646 J
1671 3601 1954 3665 segerus
1969 3579 2018 3665 ⁵)
2059 3586 2244 3645 recte
2273 3585 2529 3665 monet,
2575 3579 2856 3644 Tacitus
2900 3579 3125 3646 facere
3166 3601 3309 3645 non
3352 3580 3603 3668 potuit,
3650 3581 3819 3666 quin
3862 3582 3937 3647 in
3980 3583 4205 3671 primo

473 3695 654 3762 libro
699 3693 1158 3781 profiteretur,
1204 3691 1444 3758 laudes
1489 3689 1790 3756 hominis
1821 3690 2294 3779 compluribus
2339 3691 2541 3756 annis
2586 3698 2747 3757 ante
2790 3691 3048 3758 mortui
3092 3715 3165 3758 se
3208 3699 3737 3780 prosecuturum
3779 3715 3929 3760 esse
3972 3693 4208 3760 simul-

475 3829 608 3892 que
655 3827 895 3871 causas
944 3803 1238 3886 afferret,
1307 3823 1430 3867 cur
1473 3807 1624 3867 tum
1667 3801 1952 3868 tandem
1997 3800 2227 3867 officio
2272 3800 2553 3888 pietatis
2600 3801 3049 3868 satisfaceret.
3138 3803 3409 3868 Deinde
3454 3802 3843 3870 Urlichsius
3888 3803 3966 3870 in
4010 3803 4208 3872 Hub-

471 3917 624 3982 neri
681 3915 1027 3982 sententia
1069 3912 1448 3980 refellenda
1489 3911 1957 3981 narrationem
2002 3913 2244 4000 ipsam,
2304 3911 2437 3978 etsi
2478 3912 2553 3977 in
2596 3912 2839 4000 primis
2884 3913 3347 3999 extremisque
3392 3913 3739 4002 capitibus
3782 3913 4204 3982 laudationis

473 4027 890 4094 brevitatem
956 4047 1123 4114 prae
1169 4047 1242 4090 se
1283 4023 1482 4108 ferat,
1552 4031 1788 4090 tamen
1855 4023 2174 4113 pluribus
2243 4024 2669 4110 argumentis
2712 4023 3043 4090 historico
3088 4024 3323 4112 potius
3369 4047 3579 4112 quam
3624 4024 3922 4091 oratorio
3966 4018 4205 4105 generi

471 4137 895 4225 persimilem
963 4159 1110 4202 esse
1177 4135 1628 4202 demonstrat.
1716 4136 1896 4202 Nam
1963 4135 2344 4201 sententias
2412 4135 2659 4201 breves
2710 4133 3027 4222 proferri,
3096 4157 3389 4220 quarum
3432 4131 3730 4218 exempli
3776 4151 3984 4194 causa
4028 4129 4201 4195 duas

474 4249 795 4316 afferam:
843 4271 988 4336 cap.
1033 4247 1170 4312 IX:
1218 4246 1405 4313 haud
1449 4269 1722 4334 semper
1752 4254 1938 4312 errat
1981 4247 2195 4330 fama3
2243 4269 2392 4334 cap.
2434 4246 2701 4312 XLIV:
2746 4247 3107 4336 proprium
3160 4243 3445 4311 humani
3486 4241 3753 4328 ingenii
3798 4247 3907 4306 est
3952 4240 4207 4326 odisse,

473 4381 676 4446 quem
721 4358 1074 4442 laeseris“;
1137 4357 1612 4425 dubitationes
1657 4357 1838 4442 fidei,
1901 4380 2078 4442 quae
2122 4357 2212 4422 ad
2255 4356 2678 4440 historicam,
2738 4379 2881 4423 non
2924 4356 3015 4422 ad
3058 4353 3427 4422 oratoriam
3472 4358 3693 4416 artem
3738 4359 4056 4440 spectant
4100 4351 4205 4417 in-

469 4467 714 4553 veniri,
782 4469 964 4535 sicut
1025 4468 1318 4554 legimus
1361 4468 1439 4534 in
1496 4467 1722 4556 capite
1766 4467 2142 4532 XXXIX:
2205 4467 2353 4534 sive
2393 4489 2639 4534 verum
2682 4467 2891 4552 istud,
2940 4466 3091 4530 sive
3130 4486 3213 4530 ea
3254 4461 3537 4550 ingenio
3580 4462 3918 4552 principis
3962 4463 4205 4530 fictum

472 4601 554 4644 ac
617 4579 1076 4668 compositum
1129 4586 1275 4664 est3
1341 4579 1419 4644 in
1463 4579 1690 4667 capite
1743 4577 1952 4644 XLI:
2023 4577 2192 4644 satis
2249 4585 2565 4663 constat3
2632 4577 2707 4642 in
2752 4576 2975 4662 capite
3018 4573 3303 4640 XLIII:
3370 4573 3575 4640 nobis
3622 4572 3801 4638 nihil
3846 4575 4205 4664 comperti,
4318 4577 4323 4582 ’

787 4783 832 4849 ¹)
866 4784 1088 4850 beitelb.
1123 4785 1423 4854 Sobtessher.
1461 4783 1617 4853 1816,
1651 4785 1772 4840 580.

781 4855 827 4957 ἔ)
864 4853 1032 4975 {Rufi
1040 4855 1330 4977 3152?ssssssss
1329 4853 1460 4976 *ἕλω
1513 4856 1684 4976 εὲἐιὲιρ
1725 4853 1875 4908 1846.

779 4925 828 5060 ‘3
871 4939 1308 5046 Glbmxgentatio
1344 4963 1417 5046 de
1453 4962 1770 5070 ,ἀει-166166
1803 4990 1934 5044 vita
1969 4995 2031 5044 et
2063 4987 2413 5046 honoribus.
2485 4987 2867 5060 wirceburgi
2906 4988 3056 5044 1868.

780 5061 826 5129 ⁸)
861 5059 1019 5116 Diss,
1055 5058 1260 5132 inaug.
1295 5059 1606 5116 Hildesiae
1641 5061 1792 5132 1874,
1829 5061 1914 5115 55.
