4788 5725
1331 1207 1443 1284 De
1497 1209 1755 1290 Taciti
1807 1213 1889 1284 in
1943 1215 2469 1308 componenda
2521 1214 2932 1308 Agricolae
2985 1215 3152 1290 vita
3205 1215 3547 1296 oonsilio.

895 1483 1128 1567 Liber,
1183 1505 1390 1568 quem
1433 1481 1750 1550 Tacitum
1806 1483 1894 1549 de
1945 1483 2096 1552 vita
2155 1491 2224 1550 et
2275 1486 2585 1554 moribus
2640 1486 2766 1555 Cn.
2806 1487 2855 1554 J
2856 1484 2983 1552 ulii
3026 1485 3393 1573 Agricolae
3456 1489 3695 1577 paucis
3752 1487 4107 1556 mensibus
4150 1495 4319 1576 post

583 1617 793 1682 quam
839 1593 1176 1682 Trajanus
1237 1615 1508 1662 summa
1527 1643 1548 1662 .
1565 1616 1798 1661 rerum
1855 1596 2120 1685 potitus
2163 1601 2289 1682 est,
2357 1597 2827 1686 composuisse
2872 1605 3165 1684 constat,
3226 1621 3364 1685 quo
3408 1599 3697 1668 consilio
3742 1599 4063 1668 conditus
4108 1605 4317 1684 esset,

583 1706 836 1772 iterum
893 1713 1106 1792 atque
1158 1705 1434 1793 saepius
1479 1727 1524 1772 a
1563 1703 1736 1772 viris
1795 1706 2018 1774 doctis
2079 1707 2471 1794 quaesitum
2528 1715 2634 1775 est
2675 1731 2901 1796 neque
2945 1709 3329 1796 quidquam
3368 1711 3537 1778 certi
3580 1711 3763 1780 inter
3804 1733 3923 1778 eos
3966 1710 4317 1780 convenit.

583 1818 769 1885 Nam.
829 1823 1107 1884 tantum
1152 1817 1370 1901 abest,
1431 1824 1512 1882 ut
1555 1817 1910 1906 scriptoris
1975 1818 2196 1908 ipsius
2241 1819 2495 1906 verbis,
2554 1821 2677 1906 qui
2720 1821 2947 1889 soceri
2982 1822 3201 1888 vitam
3243 1821 3541 1911 posteris
3586 1845 3659 1890 se
3700 1823 4119 1890 traditurum
4163 1844 4319 1890 esse

585 1927 869 2012 indicat,
937 1926 1148 1994 fidem
1212 1926 1602 2012 habuerint,
1669 1935 1752 1994 ut
1816 1929 1938 1996 alii
2002 1929 2192 1996 aliud
2249 1932 2473 1998 causis
2524 1933 2931 2021 plerumque
2975 1933 3183 2000 altius
3226 1934 3466 2023 petitis
3512 1934 3793 2002 Tacitus
3840 1943 4116 2000 secutus
4162 1956 4317 2000 esse

587 2037 684 2104 sit
739 2037 952 2106 visus.
1038 2039 1290 2106 Paucis
1329 2037 1680 2128 inquirere
1723 2039 1896 2106 mihi
1925 2041 2360 2130 propositum
2406 2049 2515 2110 est
2554 2043 2632 2110 in
2676 2045 3056 2112 sententias
3098 2045 3565 2132 gravissimas,
3612 2067 3749 2130 quo
3794 2067 3971 2130 quae
4012 2044 4313 2112 maxime

587 2149 946 2236 probanda
997 2149 1110 2235 sit,
1181 2157 1655 2238 cognoscatur.
1743 2152 1896 2220 Hac
1937 2151 2014 2218 in
2066 2175 2140 2220 re
2185 2153 2549 2222 tractanda
2592 2155 2902 2244 priorum
2946 2157 3327 2244 011111101100,
3382 2165 3462 2224 111
3505 2157 3757 2243 quibus
3801 2157 3993 2224 nulla
4029 2155 4059 2243 j
4066 2179 4176 2224 am
4220 2155 4321 2222 sit

583 2261 984 2348 auctoritas,
1031 2262 1202 2330 satis
1246 2261 1540 2346 habeb0,
1589 2262 1832 2350 obiter,
1879 2272 1960 2330 ut
1999 2264 2103 2331 ita
2147 2265 2393 2350 dicam,
2442 2267 2777 2354 attigisse.

898 2372 1035 2450 Qui
1096 2379 1258 2438 ante
1324 2379 1622 2439 aetatem
1685 2385 1998 2442 nostram
2053 2375 2587 2464 investigarunt,
2656 2402 2791 2466 quo
2836 2379 3126 2446 consilio
3172 2378 3421 2446 ductus
3474 2379 3753 2446 Tacitus
3796 2378 4112 2446 libellum
4155 2401 4318 2446 con-

589 2483 1002 2570 scripsisset,
1063 2505 1300 2550 eorum
1345 2485 1458 2551 vel
1499 2485 1786 2574 plurimi
1827 2487 2004 2552 nihil
2049 2488 2238 2555 aliud
2280 2488 2507 2576 >egisse
2550 2491 2961 2578 scriptorem
3007 2489 3329 2556 arbitrati
3374 2495 3555 2573 sunt,
3603 2511 3811 2576 quam
3854 2497 3937 2556 ut
3976 2489 4195 2558 vitam
4242 2495 4317 2556 et

583 2613 694 2660 res
723 2599 957 2682 gestas
987 2594 1206 2661 soceri
1233 2597 1530 2684 posteris
1557 2605 1891 2664 narraret.
1979 2599 2214 2685 Atque
2257 2607 2456 2666 tanta
2500 2600 2865 2688 diligentia
2908 2600 3187 2668 Tacitus
3231 2601 3469 2666 multis
3512 2622 3678 2667 usus
3723 2623 3873 2666 esse
3916 2600 4307 2686 videbatur,

585 2715 666 2775 ut
687 2728 948 2800 ,00111111
989 2705 1328 2774 librorum
1372 2708 1790 2794 antiquitate
1833 2709 2268 2798 scriptorum,
2331 2712 2451 2797 qui
2493 2711 2715 2778 vitam
2756 2712 2893 2778 viri
2936 2711 3227 2797 alicujus
3271 2711 3607 2799 praeclari
3652 2709 4104 2796 continerent,
4160 2733 4315 2800 per-

583 2815 1040 2885 fectissimum
1080 2817 1267 2885 hunc
1310 2841 1460 2886 esse
1505 2819 1999 2889 existimarent.
2087 2821 2172 2889 In
2215 2844 2453 2890 eorum
2496 2823 2804 2891 virorum
2862 2844 3168 2909 numere,
3225 2822 3347 2909 qui
3388 2822 3569 2889 hanc
3610 2831 4119 2911 proposuerunt
4162 2845 4315 2891 sen-

583 2930 896 3014 tentiam,
941 2928 1220 2995 dicendi
1261 2929 1468 2996 nobis
1513 2936 1710 2997 sunt:
1798 2931 2378 3021 Bernhardyus1),
2434 2934 2707 3001 Bahrus
2720 2934 2791 3020 ²),
2838 2942 3110 3024 praeter
3154 2940 3415 3000 0010100
3460 2940 3693 3001 01110111
3737 2932 3961 2999 Taciti
3999 2933 4311 3001 libellum

585 3045 668 3104 ut
709 3037 1034 3105 omnibus
1077 3037 1384 3105 numeris
1427 3040 1824 3109 absolutum
1867 3042 2182 3111 defendit
2209 3044 2573 3113 Walchius
2584 3047 2655 3132 ³),
2703 3048 2825 3134 qui
2866 3054 3141 3113 tantum
3184 3045 3435 3113 tribuit
3476 3044 3656 3112 libro
3700 3044 4053 3130 honorem,
4098 3052 4179 3111 ut
4221 3044 4311 3113 ad

585 3170 744 3215 eum
774 3148 1078 3233 1011111100
1107 3148 1324 3215 libros
1355 3150 1660 3219 vitarum
1701 3152 2200 3243 descriptiones
2248 3158 2681 3225 continentes
2725 3157 3121 3224 referendos
3166 3179 3315 3223 esse
3360 3168 3671 3223 censeret
3712 3178 3799 3221 ex
3842 3177 4059 3241 eoque
4100 3156 4309 3243 leges,

583 3280 762 3345 quae
789 3259 1222 3348 temporibus
1253 3260 1756 3349 antiquissimis
1783 3264 1860 3331 in
1887 3266 2198 3334 virorum
2242 3266 2581 3335 clarorum
2623 3268 2791 3336 vitis
2834 3267 3199 3335 narrandis
3244 3268 3575 3352 valerent,
3625 3266 3997 3353 collegerit.
4082 3268 4317 3335 Parva

586 3393 760 3456 (11100
817 3370 1128 3460 repperit
1183 3372 1348 3440 libri
1389 3374 1584 3459 vitia,
1645 3377 1962 3443 excusari
2011 3384 2216 3465 putat
2261 3386 2384 3446 aut
2426 3380 2899 3447 Romanorum
2940 3379 3243 3466 ingenio,
3304 3378 3424 3464 qui
3467 3377 3699 3445 omnia
3742 3378 4089 3463 omittant,
4134 3400 4311 3463 quae

581 3480 672 3545 ad
715 3503 862 3547 rem
906 3482 1260 3569 publicam
1299 3506 1444 3551 non
1485 3486 1902 3573 pertineant,
1949 3497 2070 3555 aut
2116 3488 2340 3557 Taciti
2383 3491 2885 3559 consuetudine
2928 3491 3223 3575 dicendi,
3270 3489 3389 3575 qui
3433 3489 3651 3557 multa
3696 3490 4013 3575 quamvis
4056 3512 4313 3557 memo-

579 3598 738 3658 ratu
769 3591 982 3678 digna
1011 3594 1290 3662 silentio
1321 3598 1696 3683 praeterire
1728 3606 1850 3665 aut
1879 3600 2186 3668 breviter
2230 3603 2573 3689 attingere
2620 3602 2857 3671 soleat.
2943 3602 3043 3668 At
3088 3624 3306 3687 aequo
3350 3600 3569 3689 pluris
3614 3599 3725 3667 vir
3768 3599 4015 3667 doctus
4052 3600 4309 3667 librum

585 3702 986 3771 aestimasse
1013 3706 1370 3793 putandus
1399 3716 1526 3774 est.
1616 3710 1857 3795 Neque
1887 3734 2053 3780 vero
2100 3712 2489 3799 defuerunt,
2536 3714 2657 3799 qui
2698 3714 2885 3781 vitae
2930 3720 3281 3779 auctorem
3322 3732 3643 3799 peccasse
3688 3710 4065 3799 culparent,
4121 3710 4307 3798 quod

584 3810 722 3877 alia
749 3813 938 3879 vitae
967 3822 1318 3883 momenta
1349 3820 1630 3887 omnino
1661 3820 1940 3889 silentio
1968 3823 2377 3909 transiisset,
2424 3825 2561 3891 alia
2588 3846 2731 3891 non
2774 3848 2875 3909 ea,
2921 3846 3061 3909 qua
3102 3822 3404 3906 deberet,
3450 3822 3769 3888 ubertate
3813 3821 4309 3910 descripsisset.

580 3920 736 3986 Hoc
780 3921 866 3987 de
905 3922 1086 3989 libro
1124 3924 1464 4009 judicium
1509 3930 1674 3996 tulit
1717 3934 1808 3998 Κ.
1853 3932 1933 4000 L.
1975 3932 2064 3999 de
2107 3934 2599 4003 Woltmannus
2608 3936 2675 4017 ⁴).
2768 3934 3299 4003 Concedendum
3346 3934 3410 3999 ei
3454 3942 3577 4017 est,
3640 3932 4047 4021 scriptorem
4087 3934 4307 4017 multa

577 4031 840 4119 majore
883 4033 1208 4100 ubertate
1249 4036 1624 4125 depingere
1665 4043 1996 4129 potuisse,
2039 4046 2447 4133 praesertim
2492 4070 2669 4132 quae
2712 4046 2803 4114 ad
2830 4046 3201 4133 Agricolae
3243 4044 3548 4111 indolem
3591 4045 3947 4129 vitamque
3992 4051 4312 4133 spectant

577 4142 1050 4229 domesticam,
1099 4146 1222 4212 sed
1251 4146 1464 4214 moris
1496 4148 1756 4218 Tacitei
1785 4175 1929 4220 non
1957 4154 2176 4221 fuisse
2201 4156 2496 4243 videtur,
2542 4159 2715 4225 talia
2743 4156 3255 4225 accuratissime
3284 4156 3673 4223 describere
3716 4178 3941 4241 neque
3986 4155 4309 4223 omnibus

579 4255 952 4343 postulatis
1019 4257 1418 4325 satisfacere
1483 4261 1732 4349 potuit.
1823 4264 2048 4331 Nimis
2113 4266 2432 4335 laudasse
2496 4291 2811 4337 socerum
2874 4268 3157 4335 Tacitus
3214 4266 3407 4333 visus
3442 4272 3551 4333 est
3592 4265 3837 4332 Arztio
3848 4264 3899 4349 ⁵)
3942 4264 4217 4332 Mohrio
4235 4266 4305 4350 θ),

579 4363 1103 4434 Hoffmeistero⁷
1121 4372 1162 4450 ).
1248 4369 1348 4437 Hi
1403 4370 1624 4458 igitur
1678 4372 1816 4439 viri
1875 4374 2063 4443 docti
2119 4398 2229 4443 res
2285 4402 2328 4445 a
2369 4400 2608 4447 socero
2652 4380 3001 4469 praeclare
3046 4386 3279 4467 gestas
3324 4401 3367 4445 a
3406 4398 3663 4465 genero
3703 4377 3938 4445 nimiis
3982 4376 4309 4445 laudibus

575 4473 796 4541 elatas
840 4496 1063 4563 neque
1107 4480 1374 4547 sincera
1417 4482 1554 4551 fide
1597 4492 1912 4552 narratas
1955 4508 2106 4553 esse
2147 4496 2427 4577 putant;
2472 4498 2549 4557 at
2589 4490 3011 4557 monendum
3056 4499 3179 4577 est,
3226 4512 3363 4573 eos,
3410 4488 3529 4574 qui
3572 4488 3791 4555 vitam
3835 4486 3973 4555 viri
4014 4485 4307 4574 alicujus

895 4680 938 4745 ¹)
973 4683 1132 4739 ῢίδιιι.
1167 4686 1340 4756 ringer
1391 4728 1408 4743 .
1445 4690 1564 4745 734.

890 4750 936 4884 13
973 4751 1334 4877 Ἓὶ-ἐ-ἏΨ
1387 4796 1402 4810 ·
1440 4758 1546 4813 ²¹8

888 4888 937 5023 :3
971 4894 1436 5017 fissar-
1473 4894 1562 4949 Ἦ
1593 4895 1816 4951 Μ·

889 5026 936 5128 ζ)
971 5026 1346 5099 ffiemerhmgeu
1381 5045 1440 5098 311
1477 5048 1528 5088 11.
1565 5032 1686 5088 fiber
1719 5032 1861 5091 Tac.
1899 5034 2047 5107 Agr.
2083 5036 2384 5108 wdningen
2426 5036 2580 5097 1823.

913 5095 938 5163 )
973 5094 1486 5169 weltnnftijouungen
1523 5100 1612 5155 be!
1651 5103 1790 5159 Tac.
1828 5105 1971 5175 (ξῆεη
2009 5104 2160 5161 1831.
