4788 5725
2115 181 2499 247 ...8.-

439 388 756 458 Sallustii
797 389 1034 473 libros„
1097 387 1287 473 quod
1341 386 1430 453 ad
1485 385 1800 454 ordinem
1863 405 2094 451 rerum
2137 393 2575 454 narratarum
2617 385 2890 473 attinet,
2938 391 3330 474 cognoscat.
3416 385 3631 452 Haud
3670 385 3776 454 ita
3816 386 4025 476 longe
4072 388 4175 454 di—

437 507 625 568 stare
667 500 1168 588 praefationem
1211 499 1580 587 Agricolae
1622 497 1998 587 praefixam
2043 497 2132 564 ab
2177 497 2481 564 exordiis
2522 496 2864 584 majorum
2894 495 3119 564 Taciti
3161 517 3449 586 operum
3486 496 3635 584 jam
3680 519 3893 588 supra
3932 503 4170 568 notavi

435 634 664 699 neque
707 612 884 679 bene
928 611 1353 679 Gantrellius
1395 611 1530 678 hoc
1587 610 1688 676 ita
1745 631 1895 676 esse
1951 615 2182 698 negat.
2267 608 2472 688 Quod
2516 606 2825 695 Veliejus
2862 607 3270 674 Paterculus
3322 607 3709 676 narrationi
3750 609 3991 678 finitae
4034 612 4179 701 epi·

436 725 674 813 logum
705 724 1222 792 commotiorem
1253 723 1604 807 annexuit,
1652 721 2036 790 Gantrellio
2079 721 2249 788 artis
2288 719 2659 788 historicae
2700 719 2873 786 fines
2918 719 3200 787 videtur
3244 741 3561 807 egressus
3604 742 3773 790 esse.
3858 722 3959 790 At
3988 729 4175 792 certe

441 837 722 905 Tacitus
781 835 932 922 ejus
999 835 1390 924 exemplum
1449 834 1710 901 imitari
1769 831 2019 922 potuit.
2105 834 2397 899 Peterus
2442 831 2531 899 ad
2575 831 2757 898 hanc
2798 831 3218 898 sententiam
3260 830 3709 919 rejiciendam
3749 835 4175 902 mentionem

439 947 610 1018 facit
627 953 674 1032 ¹)
737 948 953 1014 Plinii
997 947 1322 1032 aequalis,
1385 947 1504 1032 qui
1548 969 1706 1012 cum
1747 945 1824 1010 in
1866 944 2108 1013 eadem
2153 941 2558 1010 condicione
2601 949 2801 1028 esset,
2848 964 2987 1028 qua
3030 941 3332 1028 Tacitus,
3378 949 3615 1010 tamen
3656 951 3933 1012 tantum
3976 946 4175 1034 afuit,

437 1067 520 1127 ut
570 1059 910 1127 rationem
963 1081 1156 1126 suam
1217 1057 1681 1124 excusandam
1733 1063 2060 1142 censeret,
2123 1063 2206 1122 ut
2245 1075 2503 1142 magna
2546 1077 2705 1120 cum
2748 1054 3041 1122 audacia
3084 1054 3419 1123 adversus
3479 1056 3915 1124 adversarios
3975 1081 4173 1126 accu-

433 1172 682 1240 satoris
741 1193 1108 1260 personam
1153 1177 1406 1256 ageret.
1423 1169 1472 1253 ²)
1562 1167 1932 1236 Gantrellii
1982 1166 2401 1235 sententiam
2467 1165 2655 1232 haud
2706 1164 2807 1233 ita
2850 1166 3057 1254 longe
3112 1167 3200 1235 ab
3254 1189 3491 1234 eorum
3531 1168 3869 1256 recedere,
3916 1172 4037 1254 qui
4082 1172 4173 1238 ad

439 1283 844 1352 historicum
871 1303 1092 1368 genus
1122 1281 1378 1347 librum
1407 1277 1737 1364 referunt,
1785 1279 2048 1364 elucet3
2095 1283 2170 1346 at
2198 1300 2278 1345 eo
2309 1277 2753 1366 potissimum
2792 1278 3080 1347 consilio
3127 1279 3447 1346 Tacitum
3490 1280 3579 1347 ad
3624 1284 4177 1371 componendum

439 1396 696 1463 librum
741 1399 1161 1462 commotum
1205 1415 1373 1477 esse,
1420 1399 1500 1459 ut
1543 1390 1762 1458 soceri
1803 1390 2163 1476 rationem,
2211 1411 2420 1476 quam
2462 1389 2539 1456 in
2582 1411 2658 1456 re
2702 1390 3005 1478 gerenda
3048 1397 3326 1458 secutus
3372 1397 3539 1478 erat,
3585 1392 3935 1461 laudando
3980 1417 4179 1462 suam

443 1507 664 1597 ipsius
707 1504 1128 1589 defenderet,
1175 1504 1366 1570 nullo
1409 1503 1617 1570 modo
1663 1501 1836 1568 mihi
1877 1499 2427 1591 persuadebitur.

753 1617 948 1682 Idem
1006 1615 1365 1703 judicium,
1433 1615 1620 1702 quod
1665 1613 2110 1692 Gantrellius,
2170 1611 2258 1678 de
2299 1611 2521 1680 libelli
2562 1612 2797 1680 indole
2838 1614 3005 1680 tulit
3046 1613 3532 1703 HoffmannuS,
3557 1615 3606 1700 ⁸)
3662 1617 3783 1702 qui
3826 1625 4179 1688 auctorem

451 1729 826 1818 vituperat,
875 1726 1061 1814 quod
1107 1747 1576 1813 quaecumque
1613 1725 1690 1791 in
1731 1725 1882 1792 vita
1925 1724 2145 1791 soceri
2187 1725 2573 1793 enarranda
2616 1746 2659 1791 a
2700 1725 2907 1792 laude
2950 1727 3179 1795 aliena
3220 1726 3499 1814 fuerint,
3546 1737 3669 1796 aut
3710 1731 4013 1797 omiserit
4058 1742 4181 1800 aut

445 1844 892 1909 excusaverit.
979 1839 1393 1928 Exemplum
1461 1837 1764 1924 afferam,
1833 1859 1969 1924 quo
2037 1836 2433 1904 offenditur.
2524 1837 2754 1915 Quum
2798 1837 2989 1922 aliaS,
3064 1837 3313 1925 inquit,
3384 1862 3592 1926 quam
3646 1842 3943 1910 maxime
3988 1844 4177 1912 viros

445 1952 782 2040 segnitiae
805 1951 1076 2018 deditos
1100 1949 1452 2038 carpserit,
1464 1950 1516 2032 ⁴)
1561 1949 1978 2036 Agricolam,
2026 1947 2148 2034 qui
2163 1948 2242 2014 in
2261 1954 2587 2036 praetura
2611 1947 2901 2034 aliisque
2942 1949 3471 2036 magistratibus
3517 1954 3841 2039 gerendis
3884 1955 4178 2023 inertiae

445 2064 650 2132 nimis
717 2063 1030 2148 indulsit,
1099 2061 1468 2130 defendere
1533 2067 1614 2127 ut
1677 2060 2062 2149 sapientem
2119 2058 2374 2126 studet.
2478 2058 2723 2146 Neque
2774 2060 3086 2127 dubitari
3150 2082 3353 2150 posse
3418 2062 3887 2131 Hoffmannus
3952 2074 4177 2154 putat,

448 2176 616 2263 quin
657 2175 988 2261 Agricola
1045 2173 1120 2239 in
1165 2173 1550 2241 Domitiani
1605 2171 2170 2238 consuetudinem
2214 2177 2421 2257 atque
2464 2170 3003 2239 familiaritatem
3048 2195 3123 2240 se
3162 2172 3656 2260 insinuaverit3
3703 2175 3945 2243 Tacito
3990 2179 4175 2244 enim

443 2289 532 2354 de
583 2287 711 2354 hac
751 2309 824 2352 re
875 2285 1082 2352 fidem
1137 2285 1400 2352 nullam
1445 2307 1595 2352 esse
1639 2283 2049 2368 habendam,
2098 2283 2353 2370 quippe
2400 2282 2521 2367 qui
2564 2282 2651 2349 de
2694 2281 3040 2350 industria
3086 2285 3173 2352 de
3218 2285 3599 2352 Domitiani
3640 2286 3921 2374 ingenio
3966 2288 4175 2354 mori-

444 2401 713 2484 busque
769 2398 1006 2483 inique
1067 2396 1469 2486 prodiderit.
1557 2397 1741 2462 Eum
1795 2401 2026 2461 autem
2071 2394 2160 2462 ad
2203 2393 2413 2460 finem
2456 2416 2669 2482 gener
2710 2417 2877 2463 vera
2918 2397 3219 2463 mutavit
3264 2397 3669 2465 Hoffmanni
3712 2398 4052 2487 opinione,
4098 2408 4181 2467 ut

445 2533 776 2595 socerum,
833 2510 952 2595 qui
1005 2509 1095 2576 ob
1142 2508 1525 2576 Domitiani
1591 2507 1962 2575 amicitiam
2021 2507 2110 2574 ab
2154 2505 2499 2573 libertatis
2542 2513 2693 2572 tum
2736 2506 3015 2572 demum
3054 2508 3420 2575 restitutae
3465 2511 3863 2578 amantibus
3906 2513 4181 2599 magnis

445 2620 838 2710 opprobriis
895 2628 1265 2708 peteretur,
1325 2619 1530 2685 laude
1572 2619 1806 2706 potius
1851 2618 2142 2705 dignum
2184 2640 2334 2683 esse
2377 2618 2697 2702 aequales
2743 2617 3038 2685 doceret.
3124 2619 3367 2706 Neque
3412 2643 3575 2686 vero
3624 2623 3841 2688 soceri
3884 2631 4177 2709 tantum,
4214 2649 4224 2659 ·

446 2735 570 2802 sed
601 2734 810 2800 etiam
841 2733 948 2798 sui
991 2731 1212 2819 ipsius
1255 2731 1604 2820 purgandi
1648 2753 1855 2798 causa
1897 2730 2178 2796 Tacitus
2221 2729 2479 2795 librum
2522 2728 2609 2795 de
2652 2728 2803 2796 vita
2846 2730 3213 2817 Agricolae
3258 2731 3615 2820 scripsisse
3663 2733 3935 2801 dicitur.
3997 2737 4178 2800 Nam

449 2868 606 2913 cum
671 2843 962 2913 eandem
1016 2866 1222 2930 quam
1289 2866 1481 2909 socer
1537 2842 1613 2908 in
1663 2865 1738 2909 re
1781 2842 2084 2929 gerenda
2128 2841 2315 2907 viam
2359 2839 2673 2930 cepisset,
2721 2849 2793 2909 et
2837 2843 3247 2930 aequalium,
3294 2867 3589 2931 quorum
3632 2845 3707 2913 in
3751 2845 3913 2913 odia
3954 2846 4183 2914 incur-

443 2960 669 3041 risset,
731 2964 804 3023 et
855 2955 1138 3043 Trajani
1196 2954 1653 3043 imperatoriS,
1721 2976 1764 3019 a
1807 2976 1942 3040 quo
1987 2952 2252 3041 negligi
2296 2954 2782 3040 contemnique
2828 2978 2901 3021 se
2946 2956 3366 3043 opinaretur,
3411 2956 3725 3025 favorem
3767 2958 3903 3026 sibi
3946 2982 4181 3026 recon-

447 3070 680 3135 ciliare
725 3068 1070 3135 studuisse
1115 3088 1290 3131 eum.
1403 3066 1664 3132 Contra
1707 3064 2204 3131 Hoffmannum
2249 3063 2725 3131 Andresenius
2770 3064 3053 3153 probari
3093 3090 3239 3135 non
3276 3090 3485 3157 posse
3522 3068 3712 3155 dicit,
3728 3071 3777 3153 ⁵)
3840 3071 4177 3158 Tacitum,

445 3180 643 3268 cujus
695 3180 904 3246 fidem
958 3180 1046 3245 ab
1101 3179 1256 3266 ipso
1309 3178 1722 3265 promissam
1779 3177 1854 3242 in
1911 3176 2202 3243 dubium
2246 3197 2495 3242 vocare
2536 3200 2676 3243 non
2720 3176 2944 3263 liceat,
2991 3177 3078 3244 de
3122 3202 3287 3247 vero
3334 3181 3637 3267 consilio,
3684 3182 3871 3267 quod
3912 3183 3991 3247 in
4032 3183 4181 3248 vita

445 3292 830 3359 enarranda
895 3299 1313 3375 sequeretur,
1381 3288 1698 3375 legentus
1766 3288 2116 3376 decepisse
2183 3293 2254 3355 et
2319 3310 2443 3355 suo
2504 3288 2661 3375 jure
2727 3312 3059 3355 socerum·
3088 3292 3361 3379 magnis
3407 3292 3791 3359 cumulasse
3833 3292 4181 3378 laudibus,

455 3406 641 3491 quod
673 3403 958 3471 summis
990 3400 1524 3467 difficultatibus
1556 3401 1898 3487 superatis
1927 3422 2252 3486 magnam
2281 3423 2409 3488 pro
2439 3409 2830 3490 temporum
2860 3401 3225 3487 iniquitate
3268 3404 3563 3489 gloriam
3608 3402 3742 3469 sibi
3782 3403 4185 3490 peperisset.

757 3514 1042 3597 Eodem,
1111 3536 1246 3599 quo
1301 3511 1726 3596 Hoffmanni,
1793 3510 1978 3577 redit
2029 3512 2286 3579 Stahrii
2342 3513 2690 3581 sententia
2748 3514 2835 3579 de
2890 3514 3114 3581 libelli
3156 3514 3391 3582 indole
3436 3514 3709 3603 prolata
3750 3514 3827 3580 in
3870 3514 4051 3582 libro
4098 3516 4185 3582 de

449 3626 712 3693 Tiberii
750 3626 1040 3714 imperio
1089 3624 1503 3712 conscripto.
1591 3622 1722 3687 Vir
1766 3622 2008 3690 doctus
2051 3622 2359 3708 miratur,
2425 3625 2613 3710 quod
2660 3625 2943 3693 Tacitus
2988 3626 3281 3694 obscuro
3326 3626 3479 3693 loco
3524 3634 3731 3693 natus
3776 3627 4064 3693 summis
4109 3626 4187 3693 in

448 3761 524 3803 re
588 3736 868 3824 publica
932 3736 1314 3804 honoribus
1380 3734 1662 3802 functus
1731 3743 1857 3801 est.
1947 3734 2032 3800 Id
2095 3742 2370 3822 praeter
2434 3736 2909 3803 Romanorum
2970 3738 3541 3805 consuetudinem
3585 3736 3713 3804 tali
3754 3737 3831 3803 in
3874 3744 4187 3826 tempore

449 3849 716 3917 factum
773 3871 923 3915 esse
979 3846 1584 3915 considerantibus
1633 3846 1838 3912 nobis
1895 3846 2184 3913 dubium
2232 3868 2381 3913 esse
2425 3869 2567 3914 non
2610 3870 2831 3937 possev
2861 3848 3123 3916 Stahrii
3166 3856 3273 3917 est
3314 3850 3681 3935 sententia,
3729 3850 3901 3936 quin
3944 3849 4187 3917 Tacito

447 3984 530 4029 ea
591 3968 868 4027 tantum
931 3960 1202 4027 ratione
1271 3958 1660 4045 contigerit,
1729 3956 1915 4043 quod
1981 3978 2236 4043 magna
2301 3960 2487 4047 apud
2552 3960 3039 4047 imperatorem
3104 3962 3333 4049 gratia
3395 3962 3680 4029 valeret.
3767 3962 4009 4047 Neque
4054 3960 4185 4025 sub

449 4074 870 4157 DomitianO,
917 4096 960 4138 a
982 4094 1118 4157 quo
1144 4072 1560 4157 dignitatem
1585 4092 1782 4137 suam
1803 4069 2080 4157 longius
2109 4078 2512 4158 provectam
2556 4092 2705 4137 esse
2748 4072 3133 4161 profitetur,
3180 4072 3433 4142 fortem
3478 4098 3551 4141 se
3598 4084 3809 4158 atque
3852 4070 4183 4136 audacem

449 4184 765 4250 Tacitum
829 4182 1280 4271 praestitisse,
1350 4182 1666 4249 Stahrius
1734 4202 1814 4247 eo
1883 4180 2167 4267 colligit,
2237 4180 2421 4267 quod
2463 4181 2541 4249 in
2584 4182 2811 4271 capite
2851 4184 3073 4251 libelli
3114 4186 3339 4254 nostri
3380 4186 3589 4251 XLV
3631 4184 3779 4270 ipse
3826 4204 3899 4247 se
3944 4187 4187 4247 auctor

449 4296 763 4363 incusare
831 4295 1154 4361 videatur
1219 4294 1418 4359 nimii
1485 4292 1802 4379 obsequii
1867 4299 2076 4377 atque
2141 4291 2421 4360 silentii.
2512 4295 2665 4372 Qua
2729 4315 2805 4361 re
2872 4318 3085 4381 quum
3128 4296 3279 4362 fieri
3317 4315 3461 4361 non
3508 4290 3834 4381 potuerit,
3882 4292 4052 4376 quin
4096 4290 4185 4356 ab

451 4406 792 4492 omnibus,
848 4406 968 4492 qui
1020 4406 1364 4474 libertatis
1419 4431 1648 4475 amore
1713 4408 2112 4495 flagrarent,
2174 4430 2382 4494 quam
2441 4406 2738 4473 maxime
2792 4407 3279 4495 despiceretur,
3338 4404 3656 4471 Tacitum
3700 4403 3921 4472 vitam
3966 4401 4187 4469 soceri

451 4518 896 4607 descripsisse
925 4518 1226 4605 gratiam
1255 4519 1391 4585 sibi
1419 4527 2001 4607 recuperaturum.
2075 4518 2397 4585 Stahrius
2420 4518 2571 4607 ipse
2602 4540 2877 4603 quoque
2904 4538 3029 4605 pro
3074 4515 3433 4604 explorato
3477 4514 3710 4601 habet,
3757 4514 4187 4603 scriptorem,

451 4629 631 4695 sicut
673 4630 748 4695 in
787 4630 1150 4697 annalibus
1195 4638 1265 4696 et
1307 4630 1614 4698 historiis
1659 4630 1868 4697 etiam
1913 4630 2368 4715 consueverit,
2416 4652 2594 4715 quae
2634 4628 2719 4695 de
2764 4628 3151 4695 Domitiani
3192 4626 3268 4694 in
3313 4648 3627 4694 socerum
3668 4625 3908 4713 iniquo
3954 4625 4187 4692 anim0

767 4840 807 4896 ¹)
842 4835 916 4890 In
953 4836 1342 4891 annotatione
1377 4836 1454 4891 ad
1490 4854 1617 4909 cap.
1653 4835 1702 4893 1.

766 4906 810 4973 ¹)
847 4904 994 4977 Epp.
1033 4906 1142 4975 IX,
1181 4906 1262 4961 13.

762 4976 807 5043 ⁸)
845 4972 920 5027 In
954 4975 1183 5045 ephem.
1307 4990 1426 5029 mn.
1467 4972 1767 5029 Austriae.
1801 4974 1888 5043 21,
1924 4972 2046 5028 249.

759 5046 808 5181 :3
845 5041 1220 5184 {21:22¹}ss
1256 5044 1460 5183 giuffli.
1496 5109 1766 5165 Borolini
1803 5110 1954 5181 1871,
1989 5108 2246 5163 sii-eo.
