4788 5725
2087 173 2517 240 ...12-

435 383 877 470 „historicam
924 379 1308 448 orationem
1355 377 1676 444 omnibus
1721 377 2026 444 numeris
2071 378 2465 446 absolutam
2522 379 2660 445 sibi
2700 401 2846 444 non
2881 378 3029 466 jam
3072 385 3349 466 praesto
3393 383 3605 447 esse.“
3630 381 3677 464 ¹)
3766 379 3963 448 Nihil
4004 383 4176 450 item

431 521 520 564 ex
563 496 830 563 verbis:
879 493 992 559 hic
1031 491 1312 557 interim
1355 491 1532 557 liber
1556 539 1572 556 .
1600 539 1618 556 .
1643 540 1660 556 .
1685 489 2004 557 concludi
2046 497 2296 578 potest.
2382 491 2566 556 Nam
2610 513 2763 556 eam
2803 490 3035 578 potius
3078 490 3191 556 his
3234 491 3468 558 verbis
3510 491 3739 558 inesse
3782 493 3927 560 vim
3970 493 4177 562 facile

431 608 740 695 largieris
783 603 1217 690 Guthlingio,
1261 609 1343 668 ut
1365 601 1645 668 Tacitus
1689 602 2058 690 exprimat:
2107 601 2328 670 donec
2371 603 2462 670 ad
2506 603 2833 670 historias
2878 602 3279 670 scribendas
3324 625 3693 689 accesser0,
3741 627 3951 690 quam
3995 629 4174 692 (11180

433 717 907 787 Andresenius
929 717 1083 782 vult
1129 715 1217 781 ab
1263 721 1541 781 auctore
1584 713 1905 800 proferri:
1953 713 2172 780 donec
2214 713 2585 801 perfecer0.
2671 715 2781 780 Ex
2824 713 2943 799 eis,
2991 737 3169 800 quae
3210 713 3507 801 legimus
3548 713 3625 780 in
3670 717 3896 804 capite
3926 717 4173 786 altero:

431 829 834 897 memoriam
893 827 1121 914 ipsam
1161 875 1180 894 .
1225 874 1241 890 .
1289 875 1304 892 .
1353 877 1368 892 .
1411 824 1592 890 nihil
1651 825 1823 891 certi
1881 824 2220 912 suspicari
2260 825 2443 909 licet,
2488 833 2725 892 utrum
2768 826 3218 893 historiarum
3262 827 3481 894 libros
3528 827 3829 894 scribere
3872 831 4175 919 coeperit

435 941 715 1008 Tacitus
775 939 905 1005 sub
950 937 1371 1021 DomitianO,
1427 959 1662 1003 necne.
1750 936 1882 1002 His
1927 935 2350 1024 argumentis
2396 957 2439 1000 a
2482 937 2893 1024 Guthlingio
2938 938 3231 1027 prolatis
3274 937 3661 1006 Urlichsius
3706 961 3923 1006 unum
3966 940 4178 1028 idque

433 1051 940 1142 gravissimum,
997 1057 1076 1115 ut
1119 1047 1414 1132 videtur,
1475 1047 1675 1114 addit
1716 1047 2046 1132 docendo,
2092 1070 2202 1114 res
2243 1069 2388 1114 non
2431 1070 2519 1114 ex
2564 1048 2908 1134 dignitate
2951 1075 2994 1117 a
3013 1049 3277 1116 'Tacito
3324 1050 3601 1138 copiose
3642 1061 3959 1120 narratas
4005 1076 4173 1140 esse,

435 1165 558 1232 sed
623 1170 833 1253 prout
896 1183 1208 1247 quaeque
1275 1183 1432 1226 cum
1496 1159 1714 1226 soceri
1757 1160 1907 1226 vita
1951 1158 2320 1246 conjuncta
2363 1169 2566 1230 esset.
2650 1160 2817 1228 Ideo
2862 1161 3124 1229 factum
3170 1185 3322 1229 esse
3365 1164 3571 1230 nobis
3612 1163 4003 1252 putandum
4048 1175 4173 1250 est,

433 1283 516 1342 ut
561 1296 736 1360 quae
781 1297 821 1340 a
843 1272 1182 1339 Frontino
1208 1278 1450 1338 contra
1491 1269 1908 1338 fortissimos
1929 1271 2164 1338 hostes
2187 1272 2535 1359 praeclare
2579 1279 2779 1359 gesta
2821 1281 3019 1341 erant
3050 1275 3337 1342 absente
3366 1269 3697 1362 Agricola
3729 1276 3923 1342 brevi
3966 1276 4173 1343 laude

439 1386 956 1478 perstringeret,
1026 1407 1182 1450 cum
1237 1383 1542 1470 Cerialis,
1609 1381 1805 1470 cujus
1847 1383 2120 1470 legatus
2164 1382 2489 1470 Agricola
2532 1383 2779 1470 fuerat,
2826 1384 3169 1452 factorum
3212 1387 3423 1452 semel
3464 1387 3889 1454 mentionem
3930 1369 4177 1456 fecisse

437 1498 610 1566 satis
655 1520 798 1565 non
819 1497 1143 1563 habuerit
1187 1503 1258 1561 et
1298 1495 1374 1561 in
1404 1495 1683 1560 Paulini
1723 1494 1932 1561 rebus
1975 1495 2340 1561 narrandis
2381 1495 2661 1582 longius
2706 1505 3031 1566 moretur.
3118 1499 3319 1578 Quod
3364 1521 3531 1566 vero
3574 1519 3801 1566 rerum
3846 1503 4178 1570 memoria

437 1633 581 1680 non
621 1619 770 1676 arte
815 1633 970 1676 cum
1001 1608 1218 1675 soceri
1247 1609 1396 1674 vita
1433 1607 1795 1674 cohaerere
1837 1607 2134 1691 videtur,
2179 1629 2441 1674 morem
2482 1615 2633 1673 tum
2676 1608 3165 1676 historicorum
3208 1609 3442 1695 fixisse,
3488 1609 3878 1678 Urlichsius
3922 1621 4175 1699 monet,

437 1723 624 1790 haud
690 1721 948 1807 ubique
1017 1719 1186 1786 artis
1251 1718 1624 1785 historicae
1689 1718 1962 1804 legibus
1999 1717 2200 1783 ‘satis
2265 1717 2510 1786 facere.
2598 1720 2844 1786 Plures
2910 1730 3267 1808 praeterea
3329 1722 3465 1790 viri
3530 1723 3715 1790 docti
3756 1723 4175 1791 Andresenii

435 1842 845 1924 argumenta
907 1831 1288 1918 infringere
1354 1837 1564 1916 atque
1629 1829 1994 1896 debilitare
2057 1836 2222 1895 sunt
2285 1829 2537 1897 conati.
2623 1830 2859 1897 Primo
2925 1833 3079 1899 loco
3146 1835 3490 1902 exhibebo
3546 1857 3645 1920 ea,
3715 1857 3892 1920 quae
3938 1859 3979 1902 a
4024 1836 4175 1902 viro

437 1947 738 2034 quodam
779 1947 1016 2032 ignoto
1062 1949 1340 2028 (nomen
1382 1942 1616 2008 littera
1657 1941 1705 2006 h
1751 1941 2196 2028 significavit)
2251 1949 2495 2009 contra
2536 1942 3046 2010 Andresenium
3092 1945 3450 2033 disputata
3494 1955 3677 2016 sunt.
3696 1947 3746 2030 ²)
3836 1948 4053 2014 Recte
4096 1971 4178 2015 ea

437 2060 524 2126 de
569 2082 778 2126 causa
823 2057 1228 2144 scriptorem
1272 2054 1550 2141 longius
1593 2053 1876 2140 evagari
1918 2053 1995 2118 in
2035 2053 2242 2119 rebus
2287 2053 2697 2120 Britanniae
2742 2055 3211 2122 describendis
3256 2057 3523 2141 statuit,
3572 2059 3761 2142 quod
3806 2060 4178 2126 Britannia

435 2170 826 2261 perdomita
891 2175 1102 2254 atque
1167 2167 1456 2233 subacta
1521 2173 1592 2231 et
1655 2164 1948 2231 nimium
2014 2171 2352 2250 quantum
2394 2165 2725 2252 Agricola
2768 2167 3103 2233 Romanis
3170 2167 3511 2256 profuerit
3555 2175 3627 2235 et
3672 2169 3808 2235 sibi
3850 2169 3989 2256 ipsi
4034 2195 4177 2236 ma-

435 2283 694 2349 ximam
759 2281 1052 2368 gloriam
1117 2279 1488 2368 paraverit.
1577 2279 1821 2364 Neque
1885 2277 2074 2344 haud
2139 2276 2240 2343 ita
2301 2299 2562 2364 paucos
2624 2277 2788 2343 huic
2828 2279 3013 2365 parti
3057 2279 3286 2346 inesse
3327 2279 3517 2347 locos
3561 2280 3903 2365 docemur,
3951 2281 4073 2366 qui
4116 2281 4177 2346 si

436 2393 684 2480 majori
749 2392 1197 2458 historiarum
1263 2390 1443 2456 libro
1490 2395 1740 2474 essent,
1789 2389 1938 2454 sine
1983 2388 2196 2456 dubio
2244 2389 2693 2456 offenderent.
2784 2391 3033 2457 Nonne
3078 2399 3388 2459 extrema
3430 2415 3591 2480 pars
3640 2391 3886 2481 capitis
3930 2391 4181 2460 XVIII

437 2513 509 2573 et
553 2529 730 2592 (11180
761 2504 1107 2592 capitibus
1137 2503 1342 2588 XIX,
1389 2503 1555 2588 XX,
1603 2501 1824 2568 XXII
1869 2499 1956 2566 de
1998 2500 2169 2567 boni
2213 2499 2408 2567 ducis
2434 2501 2815 2568 virtutibus
2859 2503 3367 2590 praedicantur,
3416 2505 3755 2592 aptiorem
3798 2504 3933 2571 tibi
3952 2505 4183 2572 locum

439 2617 696 2684 habere
761 2615 1091 2681 videntur
1156 2614 1232 2679 in
1295 2613 1482 2680 vitae
1550 2611 2034 2700 descriptione,
2102 2633 2310 2696 quam
2355 2613 2433 2678 in
2479 2614 2614 2680 alio
2662 2636 2795 2700 quo
2841 2636 3047 2702 opere
3090 2615 3365 2701 generis
3410 2615 3767 2681 historici?
3857 2617 4051 2696 Quae
4094 2616 4182 2682 de

437 2729 646 2794 rebus
713 2725 1109 2794 domesticis
1175 2723 1650 2790 Andresenius
1713 2731 1960 2812 postea
2025 2721 2263 2789 addita
2324 2746 2475 2790 esse
2540 2733 2793 2811 censet,
2866 2727 3165 2814 speciem
3217 2725 3667 2792 additamenti
3711 2749 3855 2794 non
3896 2748 4061 2814 prae
4108 2750 4180 2794 se

439 2839 715 2924 ferunt3
783 2861 1008 2924 neque
1073 2836 1408 2904 minorem
1473 2835 1808 2902 honorem
1851 2833 1928 2899 in
1969 2833 2100 2901 hac
2141 2841 2340 2923 parte
2368 2834 2741 2922 Agricolae
2784 2837 3021 2923 tribui,
3068 2845 3150 2905 ut
3193 2845 3300 2905 est
3343 2837 3763 2905 Andresenii
3806 2839 4175 2924 sententia,

439 2952 574 3018 tibi
627 2950 1072 3040 potissimum
1130 2950 1360 3036 capita
1401 2948 1566 3013 inde
1611 2970 1652 3013 a
1695 2946 1989 3013 XXXV
2031 2946 2334 3013 intuenti
2377 2946 2585 3014 facile
2628 2949 3177 3037 persuadebitur.
3270 2951 3571 3038 Semper,
3620 2954 3795 3017 sicut
3834 2950 3912 3015 in
3955 2950 4183 3039 capite

441 3064 874 3131 XXXVIII:
923 3066 1298 3128 exercitum
1321 3060 1634 3143 deducit;
1681 3058 2059 3147 praecipit“
2089 3057 2318 3124 animo
2351 3058 2711 3147 scriptoris
2758 3061 3170 3127 obversatur
3212 3061 3393 3149 talis,
3442 3064 3563 3148 qui
3604 3063 3910 3129 omnium
3952 3085 4182 3129 rerum

440 3183 683 3243 auctor
729 3176 841 3242 sit.
931 3174 1252 3241 Ceterum
1313 3171 1522 3237 etiam
1573 3169 1688 3235 hic
1731 3168 1841 3235 vir
1883 3168 2166 3255 ignotus
2211 3166 2388 3235 falso
2428 3170 2793 3256 judicavit,
2841 3172 3159 3238 Tacitum
3204 3194 3354 3239 eam
3402 3174 3492 3241 ob
3540 3198 3819 3239 causam
3860 3174 4178 3239 libellum

443 3288 929 3376 composuisse,
985 3293 1066 3351 ut
1123 3284 1462 3369 aequaleS,
1524 3281 1646 3367 qui
1696 3280 2096 3367 Agricolam
2164 3281 2253 3347 ob
2298 3281 2589 3347 nimium
2634 3283 3046 3369 obsequium
3092 3283 3223 3349 sub
3268 3284 3669 3350 Domitiano
3716 3282 4184 3367 significatum

441 3406 822 3487 carperent,
889 3399 1186 3483 doceret,
1255 3405 1516 3483 quanto
1585 3398 1920 3464 Romanis
1963 3394 2292 3482 Agricola
2355 3396 2515 3462 usui
2576 3394 2844 3462 fuisset.
2934 3394 3131 3461 Ferri
3172 3416 3317 3461 non
3360 3416 3563 3483 posse
3608 3393 3817 3459 istam
3862 3390 4181 3479 quamvis

441 3511 876 3598 ingeniosam
921 3510 1386 3596 conjecturam
1431 3509 1848 3575 Andresenii
1879 3508 2090 3575 etiam
2133 3510 2524 3574 Eussnerus
2571 3506 2872 3573 dilucide
2917 3506 3443 3573 demonstravit.
3472 3504 3522 3587 ³)
3612 3504 4175 3587 similitudinem,

445 3644 654 3709 quam
697 3621 1170 3688 Andresenius
1236 3620 1422 3686 inter
1485 3620 1854 3707 Agricolae
1898 3618 2401 3707 capitisdecimi
2448 3619 2751 3707 primum
2792 3618 3231 3685 enuntiatum
3284 3625 3355 3684 et
3399 3640 3575 3704 quae
3616 3616 3691 3682 in
3734 3616 4181 3681 historiarum

447 3732 655 3823 primi
717 3733 884 3799 libri
951 3733 1178 3821 capite
1233 3732 1450 3797 altero
1495 3738 2007 3817 enumerantur,
2055 3731 2155 3797 010
2197 3730 2619 3797 intercedere
2660 3736 2885 3817 putat,
2930 3735 3010 3794 ut
3052 3728 3407 3815 sequentis
3454 3727 3940 3815 descriptionis
3986 3748 4189 3812 argu—

443 3851 758 3912 mentum
821 3842 1188 3929 indicetur,
1257 3842 1521 3909 nullam
1565 3865 1712 3908 esse
1757 3843 2146 3909 Eussnerus
2193 3864 2316 3907 suo
2355 3838 2513 3927 jure
2558 3841 2885 3907 declarat.
2974 3840 3265 3929 Saepius
3312 3848 3547 3907 autem
3589 3839 3871 3907 Tacitus
3916 3838 4003 3905 de
4046 3862 4191 3905 mo-

445 3958 640 4024 ribus
686 3956 1056 4042 Agricolae
1107 3954 1446 4041 judicium
1501 3954 1685 4039 tulit,
1746 3976 1952 4039 quam
1997 3960 2078 4019 ut
2119 3954 2276 4019 huic
2317 3956 2496 4041 parti
2541 3950 2617 4017 iu
2662 3952 2796 4019 alio
2842 3952 3022 4019 libro
3066 3952 3299 4019 locum
3342 3950 3560 4018 fuisse
3606 3952 3932 4019 arbitrari
3975 3954 4191 4037 possi-

448 4090 621 4152 mus,
667 4066 808 4133 nisi
850 4088 988 4151 quo
1031 4065 1183 4132 vita
1225 4064 1595 4151 Agricolae
1641 4063 2054 4131 continetur.
2140 4063 2376 4130 Etiam
2419 4062 2603 4148 inde,
2674 4063 2861 4149 quod
2904 4070 3178 4153 tempus
3224 4072 3503 4153 praeter
3548 4064 3771 4131 Taciti
3812 4084 4072 4127 morem
4116 4065 4190 4125 in

443 4180 901 4268 amplioribus
927 4178 1253 4265 operibus
1297 4178 1744 4244 observatum
1790 4176 1879 4243 ad
1921 4174 2290 4261 Agricolae
2333 4174 2706 4263 imperium
2749 4174 3067 4262 refertur,
3116 4184 3424 4265 apparet,
3473 4175 3829 4262 scripsisse
3872 4171 4192 4237 Tacitum

451 4314 602 4357 eam
647 4298 940 4378 partem,
1009 4312 1148 4375 qua
1213 4288 1300 4355 de
1366 4288 1771 4355 Britanniae
1836 4287 2044 4353 rebus
2091 4287 2340 4373 agitur,
2410 4293 2492 4353 ut
2536 4292 2755 4355 vitam
2800 4288 3020 4355 soceri
3060 4290 3360 4377 posteris
3406 4288 3688 4355 tradens
3734 4308 3816 4353 ea
3860 4290 4191 4351 uteretur.

445 4402 564 4470 Ad
607 4402 942 4469 Eussneri
989 4402 1404 4468 sententiam
1451 4400 1740 4467 accessit
1791 4398 2156 4483 Schollius,
2203 4398 2324 4483 qui
2367 4406 2439 4465 et
2482 4399 2634 4487 ipse
2684 4398 3104 4466 Andresenii
3148 4396 3615 4483 conjecturam
3658 4397 3943 4487 probari
3986 4417 4195 4483 posse

445 4520 658 4601 negat
676 4538 690 4597 ;
711 4514 763 4597 ⁴)
831 4514 1002 4579 item
1045 4514 1426 4579 Lownerus
1479 4510 1898 4578 Andresenii
1943 4508 2341 4597 opinionem
2384 4510 2647 4597 rejecit,
2663 4511 2713 4593 ⁵)
2760 4510 2881 4596 qui
2925 4509 3137 4575 totius
3181 4509 3403 4576 libelli
3448 4516 3936 4597 argumentum
3980 4508 4197 4597 expli-

449 4648 616 4693 cans
663 4626 800 4693 sibi
843 4624 1207 4713 persuasit,
1270 4623 1570 4690 mediam
1611 4630 1882 4712 partem
1925 4622 2102 4688 bene
2143 4622 2222 4687 in
2263 4628 2495 4689 totum
2542 4622 2883 4707 quadrare
2930 4642 3157 4705 neque
3204 4619 3339 4687 alio
3382 4627 3695 4707 tempore
3740 4618 4197 4708 compositam

763 4832 808 4896 ²)
845 4830 1130 4885 Libertus
1165 4830 1204 4885 l.
1241 4830 1282 4883 1.
1319 4830 1406 4885 22.

759 4902 808 5003 ἴ)
843 4897 1988 5023 ξεὲθῗέγῗέἲοθῖἓὲῗᾝὲῗὲὸέο·

761 4972 808 5105 ⁴3
847 5038 920 5091 In
955 5010 1108 5091 dctis
1141 4986 1261 5091 1811.
1299 5010 1662 5093 sexiensib’us
1701 5036 1850 5105 1874,
1885 5036 2007 5089 555.
2066 5102 2078 5113 ⁶

760 5108 806 5176 ⁸)
847 5108 955 5163 Det
991 5110 1180 5163 literar.
1219 5108 1486 5176 &borchet
1521 5108 1608 5161 bec
1647 5106 1760 5177 Ag.
1797 5120 1902 5161 11011
1937 5103 2202 5164 Tacitus,
2273 5104 2434 5175 Eger
2470 5102 2623 5159 1884.
2694 5102 2905 5173 Progr.
