4788 5725
2275 185 2699 249 ..11-

597 392 886 461 lichsius
931 390 1310 477 Trajanum
1353 387 1595 456 Tacito
1640 387 2078 455 familiariter
2119 411 2323 455 usum
2365 412 2515 455 esse
2562 386 2876 474 conjecit,
2923 385 3101 451 nihil
3146 385 3316 451 certi
3358 394 3437 451 ut
3478 386 3555 451 in
3598 408 3673 451 re
3704 384 4079 451 admodum
4124 386 4339 453 dubia

601 508 874 573 firmare
921 504 1160 573 ausim.
1247 502 1628 590 Repulsam
1673 500 1992 567 Tacitum
2035 524 2078 567 a
2121 501 2525 567 Domitiano
2568 500 2811 565 tulisse
2857 498 3065 563 etiam
3112 497 3609 563 Mommsenius
3654 498 3697 563 1.
3741 498 3784 564 l.
3820 497 4109 584 judicat.

914 614 1264 681 Hirzelius
1299 614 1595 679 maxime
1637 618 1708 679 et
1748 612 2135 679 Urlichsius
2181 612 2561 678 sententias
2606 633 2861 694 eorum,
2908 610 3029 695 qui
3072 610 3161 675 ad
3202 632 3349 674 rem
3392 610 3741 697 publicam
3786 611 4087 695 quodam
4128 612 4338 679 modo

601 729 860 797 librum
910 726 1316 811 retulerunt,
1376 726 1764 791 infirmasse
1819 730 2028 809 atque
2079 722 2417 789 refellisse
2470 723 2814 789 videntur.
2902 720 3253 786 Hirzelius
3306 720 3456 807 ipse
3530 744 3726 786 suam
3792 722 4207 788 sententiam
4251 722 4337 789 de

601 841 825 908 libelli
865 838 1099 905 indole
1141 837 1522 925 proposuit.
1609 838 1790 903 Nam
1841 858 2080 901 veram
2138 834 2536 921 justamque
2578 834 2797 901 vitam
2842 832 3181 899 contineri
3224 831 3511 919 negavit
3556 856 3634 899 60
3678 833 3873 917 libro,
3922 834 4115 920 cujus
4160 836 4337 901 duae

605 960 842 1041 partes
864 972 1005 1016 non
1029 949 1118 1016 ad
1139 949 1356 1015 vitam
1377 947 1907 1036 depingendam,
1955 948 2078 1013 sed
2109 947 2199 1012 ad
2227 946 2535 1013 locorum
2564 947 2777 1045 situm
2820 952 3277 1029 naturamque
3321 945 3845 1011 describendam
3888 946 4334 1033 pertinerent,

610 1066 686 1131 in
746 1086 882 1150 quo
941 1062 1026 1128 de
1076 1061 1452 1150 provincae
1516 1060 1724 1125 rebus
1777 1066 2095 1125 accurate
2139 1064 2479 1144 ageretur,
2525 1058 2635 1123 cui
2678 1056 2975 1142 denique
3020 1057 3399 1123 secundum
3445 1079 3681 1123 eorum
3748 1057 4333 1145 consuetudinem,

614 1177 730 1262 qui
793 1174 1160 1242 historiam
1225 1177 1665 1261 scripserunt,
1729 1172 1928 1238 fictas
1997 1178 2239 1237 auctor
2293 1168 2699 1235 inseruisset
2765 1170 3126 1236 orationes
3214 1168 3572 1234 Adversus
3642 1169 3814 1233 haec
3882 1169 4333 1256 Guthlingius

609 1288 779 1355 citat
793 1290 838 1370 ยน)
909 1286 1126 1352 verba
1189 1285 1412 1351 Taciti
1477 1284 1730 1371 quibus
1798 1284 2020 1350 vitam
2081 1306 2154 1347 se
2221 1304 2369 1347 esse
2438 1281 2859 1347 traditurum
2902 1280 3093 1347 dicit.
3180 1279 3589 1346 Britanniae
3634 1281 4030 1367 provinciae
4074 1304 4183 1347 res
4228 1303 4341 1348 co-

608 1398 1000 1489 piosissime
1029 1390 1387 1463 'tractanti
1431 1395 1754 1484 scriptori
1793 1394 1926 1462 etsi
1969 1392 2149 1459 forte
2195 1392 2521 1459 accidisse
2563 1400 2814 1482 potest,
2860 1398 2941 1457 ut
2987 1392 3193 1457 altius
3238 1398 3557 1480 repetens
3604 1392 3937 1459 alieniora
3981 1394 4333 1481 arriperet,

611 1520 846 1577 tamen
911 1532 1054 1575 non
1120 1509 1326 1597 plane
1393 1508 1762 1574 abhorrere
1816 1504 2352 1592 descriptionem
2397 1527 2438 1570 a
2478 1527 2553 1570 re
2594 1510 2947 1592 proposita
2991 1504 3325 1589 concedit,
3371 1505 3777 1592 praesertim
3824 1528 3979 1570 cum
4024 1504 4339 1571 Sallustii

613 1622 1002 1710 exemplum
1067 1628 1344 1688 secutus
1411 1643 1558 1685 esse
1624 1618 1864 1705 possit.
1952 1617 2286 1682 Eiusdem
2353 1616 2709 1703 scriptoris
2774 1615 3115 1681 rationem
3170 1614 3450 1681 Tacitus
3494 1616 3879 1683 immitatus
3924 1624 4029 1682 est
4074 1617 4332 1683 additis

613 1734 1044 1802 orationibus
1090 1730 1370 1816 Calgaci
1423 1736 1492 1794 et
1535 1728 1916 1815 Agricolae.
2007 1730 2234 1807 Quare
2280 1727 2588 1793 Teuffelii
2637 1727 2979 1813 judicium
3031 1728 3314 1815 probari
3357 1751 3559 1815 posse
3604 1728 4055 1816 Guthlingius
4102 1740 4337 1798 censet

612 1845 1005 1927 statuentis,
1021 1844 1070 1925 2)
1126 1841 1442 1907 Tacitum
1485 1840 1850 1928 Agricolae
1913 1841 2132 1907 vitam
2180 1839 2647 1927 composuisse
2693 1846 3095 1925 sequentem
3136 1840 3492 1906 rhetorum
3536 1862 3797 1907 morem
3840 1848 3908 1906 et
3951 1848 4337 1929 praecepta.

924 1955 1008 2019 In
1053 1952 1340 2018 Hirzelii
1383 1952 1724 2019 sententia
1765 1952 2017 2019 nititur
2045 1951 2457 2018 Andresenii
2495 1951 2853 2038 judicium,
2899 1951 3086 2036 quod
3131 1950 3216 2017 de
3258 1951 3477 2017 libelli
3519 1952 3752 2018 indole
3799 1958 3868 2017 in
3910 1952 4136 2019 medio
4181 1976 4341 2040 pro-

615 2068 869 2156 posuit.
882 2068 932 2151 8)
1019 2066 1488 2132 Andresenius
1556 2089 1700 2132 non
1763 2066 1960 2131 firmo
2029 2064 2306 2130 vinculo
2376 2067 2603 2130 omnia
2668 2062 3031 2129 cohaerere
3100 2086 3256 2129 cum
3297 2085 3371 2129 re
3417 2064 3774 2152 proposita
3818 2065 4189 2131 arbitratus
4234 2089 4333 2153 ea,

616 2204 790 2266 quae
857 2167 1193 2267 capitibus
1251 2177 1502 2245 XVIII
1543 2199 1764 2261 usque
1807 2174 2205 2241 XXXVIII
2264 2174 2351 2240 de
2393 2174 2759 2241 Britannia
2802 2174 3174 2240 traduntur
3216 2198 3359 2241 non
3403 2174 3643 2241 eodem
3686 2183 3999 2263 tempore
4046 2178 4134 2243 ab
4182 2200 4339 2243 auc-

611 2300 762 2359 tore
829 2292 1088 2380 scripta
1146 2314 1297 2358 esse
1340 2288 1710 2373 existimat,
1757 2310 1891 2374 quo
1937 2288 2242 2373 reliquae
2285 2287 2451 2353 libri
2494 2294 2744 2375 partes
2830 2286 2980 2352 Iam
3026 2288 3156 2353 sub
3201 2287 3603 2355 Domitiano
3650 2287 3965 2353 Tacitum
4013 2312 4112 2373 ea,
4161 2311 4337 2374 quae

613 2428 653 2471 a
699 2425 933 2469 socero
981 2404 1068 2468 de
1112 2401 1518 2467 Britanniae
1558 2401 1766 2466 rebus
1813 2400 2209 2488 accepisset,
2257 2398 2556 2464 scribere
2592 2398 2956 2465 incohasse
3000 2421 3079 2465 60
3128 2399 3435 2483 consilio,
3477 2409 3557 2465 ut
3599 2406 3843 2487 postea
3886 2400 4191 2466 historiis
4233 2401 4339 2466 in-

607 2516 980 2603 jungeret,
1019 2514 1396 2579 adductum
1455 2536 1604 2579 esse
1671 2513 2077 2600 scriptorem
2131 2512 2220 2577 ad
2263 2511 2442 2577 hanc
2484 2533 2630 2577 rem
2673 2513 2961 2599 primam
3004 2510 3459 2596 tractandam,
3507 2512 3653 2578 sive
3700 2512 3887 2597 quod
3932 2513 4341 2579 domestica-

613 2648 768 2691 rum
832 2647 1062 2691 rerum
1125 2626 1360 2692 taedio
1429 2628 1725 2714 primum
1783 2646 1928 2688 rem
1981 2622 2328 2709 praeclare
2371 2628 2637 2709 gestam
2686 2623 3074 2689 describere
3119 2646 3276 2689 eum
3314 2623 3611 2710 juvaret,
3659 2624 3806 2691 sive
3852 2625 4039 2709 quod
4080 2629 4337 2711 pietate

613 2738 998 2809 duceretur.
1125 2739 1175 2805 J
1179 2762 1290 2805 am
1385 2738 1692 2824 coepisse
1779 2735 2094 2800 Tacitum
2181 2734 2625 2801 historiarum
2710 2734 2926 2800 libros
3024 2756 3433 2822 componere
3520 2735 3775 2822 colligit
3861 2736 4335 2803 Andresenius

611 2875 697 2917 ex
762 2850 1016 2934 verbiS,
1086 2873 1263 2934 quae
1329 2848 1402 2912 in
1467 2846 1606 2912 fine
1673 2844 1920 2933 capitis
1963 2848 2144 2911 tertii
2189 2846 2511 2934 legimus:
2578 2848 2717 2915 Hic
2758 2846 3039 2914 iuterim
3083 2846 3257 2915 liber
3300 2899 3316 2916 .
3362 2899 3378 2916 .
3424 2901 3439 2918 .
3482 2899 3497 2918 .
3545 2848 3772 2928 Quum
3816 2872 3981 2916 vero
4026 2857 4187 2938 post
4232 2873 4341 2918 so-

611 2985 844 3028 cerum
917 2967 1268 3026 mortuum
1329 2958 1550 3023 vitam
1615 2979 1859 3042 resque
1925 2957 2014 3024 ab
2078 2957 2197 3024 illo
2243 2967 2474 3046 gestas
2518 2959 2886 3026 memoriae
2930 2958 3201 3025 tradere
3245 2960 3321 3024 in
3363 2963 3665 3026 animum
3708 2961 4112 3046 induxisset,
4158 2961 4341 3027 hanc
4396 3051 4400 3054 ฮน

611 3078 883 3159 partem
945 3069 1394 3135 historiarum
1455 3069 1844 3136 absolutam
1909 3069 2096 3136 vitae
2139 3071 2517 3138 narrationi
2561 3071 2911 3138 addidisse
2958 3070 3271 3138 Tacitum
3312 3071 3432 3155 ita,
3480 3079 3559 3137 ut
3603 3094 3777 3157 quae
3822 3073 3913 3138 ad
3955 3073 4173 3140 vitam
4219 3073 4341 3140 do-

612 3185 966 3248 mesticam
997 3179 1418 3270 pertinentia
1445 3180 1520 3245 in
1563 3180 1694 3247 hac
1738 3182 1964 3268 operis
2010 3189 2207 3270 parte
2252 3185 2512 3271 scripta
2556 3183 2962 3270 invenimuS,
3012 3191 3219 3250 antea
3262 3183 3519 3251 afuisse
3566 3171 4029 3250 staduendum
4074 3189 4178 3254 sit.
4232 3187 4339 3253 Ea

611 3317 885 3381 quoque
940 3317 1026 3360 ex
1087 3316 1160 3359 re
1215 3293 1644 3360 Andresenio
1696 3294 1966 3359 elucere
2007 3294 2302 3378 videtur,
2356 3317 2499 3360 non
2543 3297 2629 3362 ab
2676 3293 2875 3360 initio
2920 3295 3325 3362 Britanniae
3372 3295 3905 3383 descriptionem
3952 3295 4139 3362 vitae
4182 3320 4340 3364 nar-

609 3408 865 3474 rationi
895 3408 1209 3474 Tacitum
1237 3405 1539 3472 inserere
1583 3406 1907 3492 voluisse,
1952 3406 2138 3491 quod
2183 3405 2256 3470 in
2299 3406 2429 3472 hac
2472 3415 2669 3495 parte
2712 3431 2855 3475 non
2898 3408 3084 3474 idem
3128 3408 3349 3475 honor
3393 3407 3761 3494 Agricolae
3804 3408 4173 3494 tribuatur,
4221 3415 4332 3494 qui

612 3517 687 3583 in
753 3517 1188 3584 antecedenti
1253 3524 1323 3584 et
1386 3519 1708 3604 sequenti
1750 3521 1974 3606 operis
2017 3519 2386 3607 particulis.
2474 3521 2578 3588 Eo
2620 3527 2851 3587 autem
2896 3521 3183 3587 consilio
3231 3521 3507 3586 Tacitus
3551 3518 3958 3586 Andresenii
4008 3520 4334 3608 opinione

611 3629 866 3695 librum
911 3631 1238 3715 condidit,
1285 3639 1362 3695 ut
1408 3648 1476 3697 et
1507 3633 1802 3716 doceret,
1851 3653 2058 3716 quam
2087 3631 2428 3698 rationem
2458 3639 2734 3698 secutus
2760 3633 3087 3720 Agricola
3118 3655 3457 3699 summam
3488 3632 3624 3698 sibi
3666 3639 3978 3720 parasset
4020 3632 4331 3720 gloriam,

618 3748 690 3806 et
734 3765 926 3808 suam
969 3744 1191 3832 ipsius
1236 3743 1440 3828 viam,
1489 3767 1694 3829 quam
1739 3748 1810 3810 in
1853 3766 1928 3810 re
1970 3744 2246 3832 publica
2287 3746 2607 3810 tenturus
2653 3752 2854 3830 esset,
2901 3743 3361 3833 profiteretur.

921 3854 1196 3920 Primus
1241 3854 1658 3921 Andresenii
1716 3854 2058 3943 judicium
2119 3859 2482 3942 impugnat
2547 3856 3021 3942 Guthlingius.
3110 3857 3362 3942 Verba,
3420 3878 3593 3940 quae
3638 3856 3714 3921 in
3756 3863 4063 3922 extremo
4110 3855 4337 3942 capite

609 3963 818 4030 tertio
869 3964 1200 4051 legimus:
1246 3967 1392 4030 Nec
1433 3967 1704 4055 pigebit
1751 4021 1764 4035 .
1815 4021 1828 4036 .
1872 4016 1889 4037 .
1932 3966 2439 4034 Andreseniusโ
2454 3971 2549 4032 sic
2590 3969 3106 4055 interpretatur,
3154 3975 3235 4032 ut
3280 3973 3521 4034 auctor
3562 3966 3889 4034 historias
3935 3989 3977 4032 a
4020 3989 4093 4032 se
4124 3967 4336 4032 scribi

611 4082 890 4162 coeptas
966 4099 1115 4142 esse
1178 4075 1392 4159 dicat3
1461 4079 1907 4164 Guthlingius
1975 4085 2161 4143 recte
2205 4085 2457 4164 monet,
2503 4079 2676 4144 nihil
2718 4079 2992 4165 morari,
3055 4084 3415 4164 quominus
3461 4078 3779 4146 Tacitum
3822 4078 4168 4144 dicentem
4236 4077 4347 4144 fa*

609 4187 890 4274 ciamus,
938 4189 1168 4256 animo
1215 4211 1287 4254 se
1331 4194 1718 4277 concepisse
1763 4189 2090 4256 historias
2135 4192 2663 4279 componendas
2752 4191 2973 4257 Multo
3020 4191 3205 4256 enim
3250 4190 3687 4258 verisimilius
3730 4211 3878 4256 esse
3924 4189 4335 4276 Guthlingio

608 4302 945 4367 assentior
1011 4301 1332 4367 collectas
1399 4323 1549 4366 esse
1619 4321 1748 4385 ree,
1819 4322 1994 4385 quae
2040 4300 2129 4367 ad
2173 4302 2590 4368 domandam
2634 4302 3067 4369 Britanniam
3112 4302 3575 4391 pertinebant,
3626 4325 3667 4368 a
3711 4301 3949 4366 Tacito
3996 4307 4077 4366 ut
4120 4303 4335 4366 soceri

607 4433 718 4478 res
761 4419 999 4500 gestae
1041 4413 1570 4497 illustrarentur,
1619 4434 1827 4498 quam
1869 4419 1951 4478 ut
1993 4435 2152 4502 pars
2197 4422 2429 4480 essent
2474 4414 2934 4485 historiarum.
3020 4414 3263 4500 Neque
3308 4436 3483 4502 opus
3530 4421 3636 4480 est
3679 4415 3935 4480 verba:
3981 4411 4339 4480 incondita

610 4529 680 4588 et
721 4525 882 4590 rudi
923 4528 1132 4593 voceโ
1179 4523 1413 4590 referri
1459 4524 1548 4590 ad
1591 4524 1929 4610 historias,
1976 4547 2148 4611 quas
2190 4531 2485 4614 primum
2528 4549 2678 4592 esse
2722 4548 2895 4614 opus
2938 4525 3349 4592 historicum
3396 4525 3614 4592 Taciti
3658 4525 4128 4591 Andresenius
4176 4547 4337 4592 con-

601 4632 772 4722 jicit.
858 4635 1122 4704 Auctor
1161 4636 1268 4703 his
1312 4636 1542 4703 verbis
1584 4637 1758 4704 nihil
1801 4638 1934 4703 nisi
1975 4639 2287 4704 modeste
2331 4637 2696 4728 profitetur
2762 4642 2835 4706 in
2900 4640 3075 4706 libro
3140 4638 3517 4726 maJ'oribus
3586 4639 3906 4727 operibus
3974 4640 4333 4727 praeeunti

927 4889 970 4952 ฮน)
1009 4886 1046 4945 l.
1082 4886 1122 4942 l.
1163 4888 1244 4943 14.

919 4958 963 5026 ยน)
1003 4955 1298 5026 แผแฝทแฝทแฟฮฑแฟถแฟฃฮตแฟแฝฝ.
1334 4975 1430 5030 pg.
1468 4959 1571 5015 774
1609 4959 1720 5028 (IV
1759 4957 1872 5025 ed.)

918 5029 964 5094 โธ)
999 5025 1074 5080 Iu
1127 5025 1299 5097 libro,
1353 5045 1528 5108 quem
1579 5045 1788 5101 praece
1829 5031 1990 5083 tores
2043 5026 2346 5100 gymnasii
2404 5028 2615 5098 Berol.,
2671 5027 2831 5098 quod
2884 5045 3221 5100 cognomen
3272 5027 3418 5084 fert:
3516 5027 3683 5097 ,311111
3738 5039 3931 5096 gruum
3979 5025 4199 5092 mossetโ
4258 5021 4337 5077 ad

585 5089 1082 5168 'tricentesimum
1117 5113 1422 5168 gymnasu
1455 5097 1612 5152 diem
1647 5045 1910 5152 namfem
1949 5098 2441 5169 conscripserunt.
